3084 5442
216 617 279 682 726
615 613 762 670 Caecilii
780 611 944 702 Cypriani

215 771 392 852 desperatos
407 771 439 835 et
451 769 590 852 perditos
609 772 733 834 secutus
753 767 857 847 fuerit,
881 767 942 832 sibi
963 767 1121 851 imputabit
1143 785 1212 832 cum
1233 767 1335 832 iudicii

216 873 281 936 dies
295 871 425 936 uenerit.
441 871 593 953 quomodo
607 873 689 936 enim
705 871 863 954 deprecari
876 871 908 936 iu
921 871 971 936 die
982 871 1038 936 illo
1047 871 1214 936 Dominum
1225 869 1336 952 poterit

216 975 269 1052 qui
284 976 316 1038 et
330 973 475 1039 antehoc
489 971 647 1040 Christum
663 976 695 1038 ot
710 991 791 1036 nunc
806 989 926 1054 quoqne
943 973 1105 1038 eeclesiam
1118 971 1231 1036 Christi
1245 993 1333 1056 nega·

214 1077 314 1140 uitet
334 1077 484 1158 episcopis
505 1079 589 1142 sanis
609 1079 641 1140 et
654 1075 785 1158 integris
801 1075 833 1138 et
847 1075 1026 1140 uiuentibus
1048 1093 1108 1138 non
1129 1074 1331 1156 obtemperans

215 1179 361 1240 comitem
373 1195 406 1240 se
420 1179 452 1240 et
465 1179 647 1258 participem
661 1175 866 1240 morientibus
882 1177 1046 1258 praebuit?
1063 1179 1133 1258 opto
1148 1193 1211 1260 nos,
1228 1175 1355 1242 iratress

215 1277 378 1357 carissimi,
395 1297 515 1359 semper
529 1279 606 1344 bene
621 1279 734 1342 ualere.

472 1565 860 1676 EPISTVLA
895 1565 1089 1676 LXVI.

216 1787 417 1842 CYPRIANVS
442 1787 506 1854 QVI
528 1787 574 1840 El*
597 1787 780 1926 THAsclvsT
793 1785 999 1924 sapaudum
1018 1785 1078 1840 CVI
1094 1785 1139 1838 ET
1155 1785 1328 1840 PVPPIANO

684 1875 757 1928 Fan
778 1873 820 1926 ai
856 1913 862 1926 .

185 2097 199 2158 1
256 2081 323 2164 Ego
337 2082 380 2156 te,
394 2081 500 2158 iratos,
516 2081 707 2146 credideram
728 2081 854 2144 tandem
879 2079 944 2144 iam
963 2081 1004 2144 ad
1019 2081 1238 2162 paenitentiam
1258 2099 1323 2144 oon·
1333 2109 1361 2146 1o·

212 2183 302 2259 uerti,
326 2183 407 2264 qued
426 2183 460 2246 in
479 2185 681 2264 praeteritum
701 2187 768 2248 tam
789 2183 917 2246 infanda
938 2183 1005 2248 tam
1027 2183 1131 2264 turpia
1149 2185 1214 2248 tam
1235 2183 1323 2250 etiam

213 2285 382 2370 gentilibus
397 2287 565 2352 execranda
579 2289 634 2352 aut
648 2287 785 2352 audisses
798 2285 835 2348 de
846 2285 935 2349 nobis
948 2285 1064 2348 temere
1076 2287 1131 2350 aut
1141 2287 1322 2352 credidisses.

212 2407 299 2471 porro
320 2391 425 2454 autem
446 2389 542 2454 etiam
561 2410 643 2455 nunc
660 2391 695 2454 in
709 2387 824 2454 litteris
840 2389 904 2452 tuis
922 2387 1136 2454 animaduerto
1153 2389 1278 2454 eundem
1291 2391 1321 2454 te

213 2493 311 2557 adhuc
335 2513 401 2558 esse
420 2493 473 2576 qui
492 2493 579 2574 prius
599 2493 711 2572 fueras,
731 2493 839 2558 eadem
864 2495 896 2558 te
911 2493 949 2558 de
963 2493 1051 2558 nobis
1067 2493 1185 2558 credere
1201 2495 1230 2558 et
1244 2493 1275 2556 iu
1288 2509 1320 2558 eo

212 2596 293 2678 quod
313 2597 479 2662 credideris
499 2615 692 2678 perseuerare
712 2597 743 2662 et
757 2615 794 2660 ne
810 2595 889 2660 forte
904 2595 1056 2678 claritatis
1072 2597 1103 2660 et
1117 2597 1256 2678 martyrii
1269 2597 1314 2660 tui
1325 2623 1349 2664 a

213 2701 350 2784 dignitas
368 2701 474 2762 nostra
492 2699 769 2766 communicatione
790 2699 972 2778 maculetur,
994 2717 1094 2764 mores
1114 2701 1231 2764 nostros
1255 2699 1322 2762 dili-

213 2805 320 2886 genter
341 2803 494 2884 inquirere
516 2805 548 2868 et
567 2805 638 2884 post
657 2803 758 2868 Deum
777 2801 911 2866 iudicem
934 2803 987 2884 qui
1010 2803 1179 2868 sacerdotes
1201 2801 1322 2866 faeitte

211 2905 292 2968 uelle
312 2921 374 2968 non
396 2903 497 2970 dicam
519 2907 557 2968 do
579 2923 629 2966 me
650 2941 693 2952 -
714 2905 846 2986 quantus
870 2903 953 2968 anim
973 2923 1029 2988 ego
1054 2909 1145 2968 sum?
1171 2945 1203 2954 „„
1222 2905 1271 2968 sed
1286 2903 1320 2966 de

211 3007 270 3072 Dei
285 3008 317 3070 ct
331 3005 446 3072 Christi
460 3007 575 3070 iudicio
589 3006 732 3072 iudicare.
749 3007 806 3070 hoc
821 3007 867 3070 est
882 3005 913 3070 in
928 3007 1025 3072 Deum
1047 3025 1106 3070 non
1122 3007 1247 3084 credere,
1268 3007 1323 3070 hoo

264 3246 469 3302 recentatur
578 3247 755 3314 reprensa
868 3227 1093 3310 cramoisi
1193 3243 1324 3314 aquen

213 3333 270 3398 (qui
285 3331 318 3400 Q)
426 3335 560 3402 antehoc]
573 3333 700 3388 tuncCR
806 3347 909 3398 quoque
923 3349 971 3386 om.
987 3333 1013 3386 L
1120 3333 1176 3384 let
1189 3329 1319 3398 episcopis]

212 3415 378 3482 episcopisC
468 3417 634 3486 obtemperat
645 3419 680 3481 L,
692 3417 876 3484 obtemperant
889 3417 941 3486 Pp
1036 3419 1053 3470 5
1067 3417 1190 3470 comitem
1202 3433 1228 3468 se
1241 3417 1283 3470 sed
1295 3419 1321 3468 et

211 3516 245 3554 ea
264 3503 401 3554 comittere
418 3503 482 3556 etC
632 3505 695 3572 opto
764 3501 853 3554 ualere
871 3519 920 3554 om.
935 3503 990 3566 CL,
1009 3503 1075 3554 bene
1093 3501 1179 3554 ualere
1200 3505 1259 3568 opto
1276 3515 1319 3554 uos

212 3569 474 3654 ffs‘lrffii‘semperP
558 3587 728 3654 Ccarissimi]
741 3569 840 3638 ffiac
853 3585 1094 3638 desiderantissimi
1111 3585 1149 3654 Qu
1227 3587 1319 3652 ualere]

211 3671 275 3724 cdd.
282 3671 356 3740 MQ:
367 3671 534 3724 fraternitati
543 3671 659 3724 salutate
669 3671 767 3740 [salute
776 3669 822 3738 0²]
831 3671 926 3722 ualete.
939 3701 960 3706 -
973 3671 1014 3722 Ad
1024 3671 1175 3738 Epictetum
1185 3671 1211 3722 et
1219 3669 1319 3738 plebem

212 3755 433 3824 (assyritanorum
453 3755 517 3809 add.
531 3757 575 3824 N)
594 3756 704 3824 explicit
714 3755 776 3808 LN
776 3755 805 3822 Q,
827 3753 946 3824 Explicit
964 3755 997 3808 ad
1009 3755 1160 3824 Epictetum
1178 3755 1203 3806 et
1219 3755 1318 3824 plebem

210 3841 428 3908 Assyritanorum
437 3843 465 3894 et
473 3843 593 3908 episcopo
604 3857 694 3895 eorum
703 3843 737 3904 P,
746 3839 788 3894 Ad
796 3839 948 3908 Epictetum
958 3841 986 3892 et
995 3839 1099 3908 plebem
1108 3839 1318 3894 Assuritarrorum

212 3927 245 3980 de
257 3927 403 3980 Fortunato
414 3927 548 3994 quondam
559 3929 679 3994 episcopo
693 3909 763 3994 [effi
773 3925 804 3992 0)
817 3939 907 3978 eorum
919 3927 982 3992 (om.
997 3925 1028 3990 C)
1042 3925 1150 3992 explicit
1162 3925 1216 3978 CR.
1232 3957 1262 3964 -

262 4011 350 4078 Epist.
360 4011 455 4064 LXVL
469 4041 500 4050 ω
514 4011 614 4078 Incipit
631 4011 664 4064 ad
675 4011 842 4064 Florentium
861 4025 939 4076 quem
952 4013 978 4064 et
992 4011 1158 4078 Puppianum
1170 4013 1318 4080 (pupianum

214 4097 263 4162 lb)
273 4097 435 4160 BLNPTO,
447 4095 583 4148 Florentio
594 4097 622 4148 ct
632 4097 753 4164 Pupieno
764 4093 790 4146 b.
801 4109 822 4146 c.
833 4109 854 4146 e.
865 4095 902 4148 Η.
917 4125 950 4134 -·
961 4097 978 4148 8
989 4097 1088 4148 tascius
1099 4097 1179 4160 HNO,
1192 4099 1275 4148 ascins
1284 4097 1316 4160 B,

212 4181 312 4232 eascius
329 4181 358 4244 T,
369 4181 489 4232 thascius
501 4181 529 4232 L
539 4181 572 4232 irc
584 4195 638 4232 ras.
649 4197 683 4232 m.
696 4185 715 4232 2
815 4179 931 4246 pupieno
945 4179 983 4232 To
1091 4181 1124 4234 12
1137 4183 1182 4232 aut
1194 4181 1316 4250 audisses]

212 4267 243 4316 nt
255 4265 373 4316 audisses
385 4265 441 4333 BL
531 4265 663 4318 13inom.
676 4265 712 4318 N
796 4263 971 4316 minema
1062 4265 1095 4318 15
1108 4265 1183 4334 quod]
1196 4281 1245 4334 quo
1258 4267 1289 4320 N

212 4349 245 4402 16
258 4349 503 4418 communicatione]
519 4349 751 4402 commaculatione
762 4347 794 4400 N
874 4349 1078 4402 commaculetur
1088 4349 1123 4400 H
1196 4349 1222 4402 iu
1235 4367 1314 4406 mores

210 4435 284 4498 B¹T‚
297 4435 535 4488 instaismorcsH
624 4435 656 4486 17
669 4433 794 4502 quietas.
808 4433 878 4484 rbaB
969 4433 1097 4486 facitooc.
1110 4433 1137 4486 B
1228 4435 1260 4490 18
1272 4437 1314 4490 sed

211 4535 262 4572 om.
275 4519 332 4574 LP
