3084 5442
522 593 686 662 spretura
701 591 940 648 xxx.-nnx1.
1222 591 1284 658 557

436 849 802 966 EPISTVLA
835 849 1031 962 XXXI.

380 1059 554 1118 GYPlMANO
573 1057 689 1110 PAPAE
706 1057 843 1112 MOYSES
862 1057 905 1110 ΕΤ
923 1057 1088 1110 MAXIMVS

207 1149 393 1211 sessoriani
409 1149 454 1203 ΕΤ
468 1143 687 1202 Nusosanuvs
704 1143 749 1200 ΕΤ
760 1143 917 1200 RVFINVS
935 1145 979 1200 ΕΤ
993 1143 1120 1200 aaroni
1138 1143 1199 1214 QVI
1217 1139 1291 1198 CVM

552 1233 608 1288 uis
627 1231 869 1288 CONFESSORES
887 1233 911 1288 S.

193 1436 201 1472 a
238 1413 310 1476 Inter
333 1407 427 1476 uarios
450 1409 481 1474 et
502 1407 702 1492 multiplices
730 1407 836 1488 irater,
865 1409 983 1474 dolores
1006 1407 1093 1474 nobis
1116 1407 1320 1474 constitutisl

207 1516 307 1600 propter
330 1515 497 1596 praesentes
525 1515 697 1579 moritorum
723 1533 777 1596 per
805 1513 905 1578 totum
934 1531 1028 1596 paene
1057 1511 1160 1578 orbem
1186 1511 1290 1578 ruinas

207 1621 252 1685 hoc
268 1617 451 1702 praecipuum
470 1616 557 1680 nobis
579 1617 727 1682 solacium
742 1617 919 1700 superuenit
934 1617 1014 1700 quod
1030 1616 1164 1700 acceptis
1179 1617 1293 1682 litteris

208 1723 257 1788 tuis
276 1723 359 1788 erecti
378 1740 480 1788 snmus
501 1725 532 1788 et
552 1723 685 1788 dolentis
706 1723 803 1788 animi
825 1721 1013 1788 maeroribus
1036 1721 1171 1788 fomenta
1192 1741 1295 1788 susce·

208 1827 298 1910 pimus.
324 1825 399 1890 unde
424 1827 603 1910 intellegere
630 1827 693 1890 iam
720 1845 884 1908 possumus
913 1827 1045 1910 gratiam
1075 1827 1196 1892 diuinae
1222 1845 1296 1910 pro-

186 1929 337 1994 ouidentiae
361 1929 485 1994 forsitan
510 1947 572 1993 non
592 1929 631 1994 ob
653 1929 747 1994 aliam
775 1947 899 1996 oausam
918 1913 981 1995 'noe
1009 1929 1075 1994 tam
1099 1931 1151 1994 diu
1175 1929 1293 1996 clausos

210 2031 320 2099 merlis
345 2033 468 2100 carceris
495 2053 647 2100 reseruare
675 2035 810 2100 uoluisse
837 2035 898 2100 nisi
925 2035 961 2100 ut
981 2035 1125 2100 instructi
1150 2037 1181 2100 et
1202 2036 1295 2102 robu-

213 2139 275 2204 stius
294 2137 413 2211 animati
434 2139 547 2203 litteris
569 2139 633 2204 tuis
654 2143 726 2204 uoto
746 2141 885 2222 proniore
901 2141 940 2204 ad
955 2157 1095 2204 coronam
1111 2139 1296 2206 destinatam

212 2227 345 2324 possemus
367 2241 529 2322 peruenire.
558 2241 734 2308 inluxerunt
756 2243 839 2308 cuim
862 2243 948 2306 nobis
970 2243 1092 2308 litterae
1114 2243 1185 2308 tuae
1206 2245 1242 2308 ut
1263 2245 1297 2308 in

213 2344 368 2428 tenpestate
389 2343 518 2426 quadam
540 2345 696 2424 serenitas
720 2348 757 2410 ut
770 2345 803 2410 in
819 2345 942 2412 turbido
962 2347 1041 2410 mari
1060 2345 1199 2428 exoptata
1212 2347 1298 2412 tran·

190 2447 338 2530 squillitas
364 2449 451 2514 utin
470 2447 628 2514 laboribus
655 2449 784 2532 requies,
814 2451 850 2514 ut
870 2451 903 2514 in
925 2449 1069 2532 periculis
1092 2451 1126 2514 et
1144 2451 1302 2536 doloribus

211 2552 315 2632 auitas,
340 2553 374 2616 ut
399 2553 431 2618 in
457 2553 649 2618 densissimis
675 2551 810 2618 tenebris
838 2553 968 2618 eandida
994 2553 1048 2616 lux
1075 2555 1106 2618 et
1133 2553 1299 2638 refulgens.

211 2657 249 2722 ita
270 2655 333 2720 illas
357 2656 455 2722 animo
483 2657 608 2722 sitiente
628 2655 820 2740 perbibimus
842 2657 874 2720 et
895 2657 966 2720 uoto
991 2657 1141 2720 esuriente
1164 2657 1300 2736 suscepi·

211 2781 275 2838 mus,
294 2761 381 2824 atad
401 2761 553 2826 certamen
573 2760 693 2824 inimici
715 2761 838 2824 axillis
860 2777 914 2824 nos
937 2761 1012 2826 satis
1034 2759 1138 2842 pastos
1162 2761 1193 2824 et
1215 2761 1300 2842 sagi-

212 2866 284 2928 natos
310 2865 497 2948 gaudeamus.
527 2865 635 2928 reddet
660 2863 720 2928 tibi
743 2863 895 2928 Dominus
923 2881 976 2944 pro
1004 2863 1067 2926 ista
1093 2863 1147 2926 tua
1176 2861 1301 2926 caritate

189 2967 358 3032 ameroedem
387 2968 416 3032 et
444 2967 534 3030 huius
563 2967 629 3030 tam
659 2967 731 3032 boni
760 2967 861 3048 operis
890 2965 1131 3048 repraesentabit
1165 2965 1302 3030 debitam

252 3155 326 3224 Epist.
336 3153 431 3210 XXXI.
443 3183 475 3192 -
486 3153 586 3222 Incipit
603 3153 710 3222 (incipit
730 3167 779 3206 om.
794 3151 834 3220 Η)
853 3151 984 3220 Cypriane
1001 3167 1085 3220 papae
1096 3151 1200 3218 Moyses
1222 3151 1250 3204 et
1261 3151 1302 3220 (et

210 3257 250 3294 ooo.
262 3243 292 3309 ll
302 3241 424 3294 Maximus
430 3223 506 3310 pr‘bb
513 3237 665 3309 (presbiteri
673 3243 707 3303 H,
721 3242 749 3291 et
760 3237 842 3292 ceteri
855 3237 1011 3290 confessores
1021 3239 1051 3306 μ)
1060 3239 1132 3306 ΗΤμ
1145 3239 1203 3306 (fol.
1214 3239 1300 3306 166⁶),

214 3328 358 3398 Rescriptum
373 3327 458 3396 Moysi
477 3329 506 3380 et
525 3325 638 3378 Maximi
659 3325 809 3394 presbytcri
831 3327 977 3378 ceterorum
993 3341 1018 3394 y,
1042 3323 1179 3392 Rescripta
1201 3325 1302 3382 confes-

212 3429 283 3468 somm
294 3435 309 3468 ν
320 3417 376 3481 (fol.
387 3415 471 3480 190⁰),
488 3413 588 3482 Incipit
599 3413 634 3481 F,
647 3429 696 3468 ocu.
709 3415 734 3484 β.
749 3441 782 3450 -
794 3411 812 3464 2
823 3409 938 3466 Caecilio
950 3411 1073 3480 cypriano
1086 3411 1205 3480 episeopo
1218 3413 1301 3468 ecole-

212 3501 256 3554 siae
272 3501 499 3570 carthaginensium
509 3501 613 3570 Moyses
630 3499 766 3553 Bolecac'ocs
784 3513 818 3552 eoo
834 3497 1015 3552 uetustissimo
1033 3511 1110 3564 puero
1127 3497 1194 3552 utcu
1211 3495 1302 3554 codiee

211 3587 285 3642 coacti
294 3587 401 3660 Recipit
411 3587 551 3642 Remeasts
637 3585 779 3654 amoinus]
792 3583 895 3638 diaconi
907 3583 971 3638 cdd.
989 3585 1049 3650 Tpo
1133 3583 1251 3652 quicum
1264 3585 1302 3640 eis

211 3673 260 3738 FT,
276 3690 329 3726 cum
347 3675 383 3728 eis
398 3693 422 3739 o,
443 3675 491 3744 qui
509 3675 626 3728 cumeis
644 3675 707 3728 sunt
723 3673 815 3742 leip,
837 3687 915 3726 omo
1011 3669 1029 3724 4
1045 3669 1214 3738 confessores]
1237 3673 1301 3728 odd.

213 3759 326 3814 Betucius
341 3777 373 3814 ecc
388 3761 475 3815 eodem
492 3759 596 3816 cadmo:
615 3759 644 3816 in
654 3759 706 3816 fide
721 3759 847 3814 ueritatis
865 3757 1059 3828 perseuerantes
1076 3755 1106 3824 in
1121 3755 1169 3810 deo
1186 3759 1263 3834 patre
1276 3759 1304 3814 et

213 3844 298 3900 infilio
313 3845 365 3900 eius
380 3849 436 3900 iesu
452 3847 554 3902 christo
570 3847 675 3901 domino
691 3849 783 3900 nostro
796 3847 823 3900 et
833 3844 863 3900 iu
875 3845 972 3914 spiritu
991 3845 1080 3898 sancto
1178 3843 1303 3914 bfrster]

214 3947 302 4002 supery
371 3933 485 3986 innubis
496 3933 685 3988 constitutosv
771 3933 1099 3988 Grnultorumlratrumo
1183 3931 1304 3988 Sdolen·

213 4017 284 4070 tesH
351 4018 505 4087 suscipimus
519 4021 545 4074 T
620 4023 637 4074 9
649 4021 752 4092 gratiae
764 4019 788 4074 d.
803 4017 985 4088 prouidentiae
997 4017 1146 4072 forsitamo
1216 4019 1250 4072 10
1261 4021 1304 4090 ob]

216 4105 275 4158 abl
342 4107 395 4176 nos]
411 4109 587 4164 nosnonFT
663 4107 890 4178 tam]tantumT
968 4107 1065 4160 clausis
1078 4107 1103 4158 Τ
1178 4105 1211 4160 11
1223 4121 1307 4162 reser-

215 4191 286 4260 oarip
360 4193 497 4248 instructis
510 4197 539 4259 Τ,
552 4195 710 4250 instructius
723 4195 875 4250 Manutius
959 4195 993 4248 13
1005 4209 1079 4262 posse
1093 4193 1124 4244 H
1205 4193 1309 4250 litteris

215 4275 286 4330 tuisv
373 4280 405 4332 14
415 4281 455 4349 ut]
468 4282 523 4334 eto
618 4283 743 4350 exoptata
753 4299 803 4336 oon.
821 4281 848 4336 V
941 4281 975 4334 15
986 4281 1017 4334 ut
1029 4279 1057 4334 in
1068 4280 1099 4350 l]
1112 4281 1139 4334 et
1151 4281 1180 4334 in
1192 4281 1240 4336 lo

216 4359 340 4430 doloribus]
350 4363 510 4420 laboribusu
578 4369 612 4422 16
623 4369 730 4438 fulgens
741 4371 804 4440 Hpfi
874 4367 905 4422 17
919 4367 996 4422 illac
1066 4367 1158 4422 Minos
1171 4383 1220 4422 oon.
1234 4369 1274 4438 Tp

218 4445 273 4500 satis
282 4461 352 4518 erup
414 4451 485 4520 pasti
497 4473 524 4520 μ,
537 4453 667 4524 ribatosp
741 4455 860 4524 saginati
872 4475 891 4524 μ
971 4455 1004 4510 19
1018 4455 1276 4528 essegaudeamusq

218 4529 247 4584 20
255 4531 330 4600 operis
339 4549 416 4606 emp
481 4539 691 4606 repraesenteuit
705 4541 730 4592 Τ
796 4541 924 4612 debitam]
938 4541 999 4596 ado
