3084 5442
219 607 281 672 664
626 601 770 660 Caecilii
788 601 952 672 cypriani

216 761 303 825 nobis
322 761 470 824 indicitur
480 761 543 824 -Doi
559 761 659 826 castra
674 759 848 842 procedant.
866 759 1025 824 armentur
1039 759 1162 842 integri,
1177 758 1328 840 rependat

217 863 338 944 integer
354 863 434 944 quod
450 881 545 944 nuper
559 863 656 928 stetit.
673 863 836 932 armentur
844 863 876 927 et
890 863 978 944 lapsi,
995 863 1031 926 ut
1046 863 1077 926 et
1091 861 1194 944 lapsus
1208 863 1327 944 recipiat

215 965 299 1046 quod
323 967 438 1030 amisit.
461 965 597 1048 integros
613 965 724 1040 honor,
747 967 849 1046 lapsos
863 965 951 1028 dolor
964 965 1005 1028 ad
1018 965 1167 1046 proelium
1180 967 1323 1046 prouocet.

214 1067 329 1130 armari
347 1069 378 1130 et
393 1067 494 1150 parari
510 1085 563 1130 nos
579 1067 685 1132 beatus
700 1070 857 1148 apostolus
871 1067 960 1132 docet
973 1067 1094 1131 dicens:
1114 1085 1187 1130 non
1201 1069 1257 1130 est
1270 1087 1324 1132 no-

214 1171 275 1236 bis
300 1171 546 1238 conluctatio
570 1173 755 1236 aduersus
778 1191 928 1236 caruem
951 1172 987 1234 et
1010 1171 1242 1254 sauguinem,
1262 1173 1350 1238 sede

217 1275 406 1340 aduersus
439 1275 661 1358 potestates
697 1275 733 1338 et
763 1274 960 1354 principes
992 1273 1108 1336 huius
1139 1275 1263 1338 mundi
1291 1277 1325 1340 et

215 1377 351 1466 harum
373 1377 636 1452 tenebrarum,
667 1377 853 1441 aduersus
881 1375 1050 1454 spiritus
1071 1375 1267 1456 nequitiae
1287 1379 1324 1442 in

219 1479 475 1544 caelestibus.
514 1481 672 1560 propter
705 1479 803 1558 quod
840 1479 997 1542 induite
1027 1480 1111 1542 tota
1141 1497 1257 1555 arma,
1288 1483 1328 1544 ut

217 1579 386 1662 possitis
408 1581 593 1646 resistere
615 1581 653 1644 in
676 1579 736 1644 die
758 1580 1014 1662 nequissimo,
1043 1583 1086 1644 ut
1107 1599 1188 1646 oum
1209 1584 1327 1646 omnia

214 1685 470 1764 perfeceritis
493 1685 609 1748 stetis
632 1683 804 1748 adcincti
827 1683 980 1747 lumbos
1003 1685 1153 1746 uestros
1176 1685 1213 1746 in
1234 1685 1359 1748 ueri-o

214 1785 313 1860 tate,
345 1785 479 1850 induti
508 1785 668 1850 loricam
696 1785 885 1850 iustitiae
912 1787 952 1848 et
973 1785 1140 1850 calciati
1161 1787 1271 1868 pedes
1291 1787 1326 1851 in

216 1889 520 1968 praeparatione
541 1889 651 1970 pacis
674 1887 891 1970 euangelii,
916 1885 1164 1952 adsumentes
1186 1890 1329 1952 scutum

214 1989 328 2068 fidei,
352 1991 391 2054 in
413 2009 483 2072 qno
514 1991 680 2074 possitis
712 1991 840 2078 omnia
868 1991 999 2074 ignita
1027 1991 1157 2055 iacula
1184 1993 1329 2072 nequis-

214 2093 303 2156 simi
320 2093 555 2176 extinguere
571 2095 606 2156 et
629 2093 778 2176 galeam
801 2093 947 2158 salutis
968 2095 1006 2156 ct
1027 2093 1197 2176 gladium
1219 2094 1329 2176 spiri·

218 2189 295 2272 tus,
323 2195 389 2276 qui
413 2197 471 2258 est
493 2215 616 2262 sermo
638 2197 719 2260 Dei.
1339 2220 1361 2258 c

184 2305 203 2366 9
232 2363 233 2366 ,
265 2297 351 2362 Haec
366 2315 451 2364 arma
466 2317 634 2378 sumamus,
650 2301 699 2364 his
715 2317 769 2364 nos
784 2300 969 2371 tutamentis
990 2297 1182 2382 spiritalibus
1197 2303 1227 2364 et
1240 2303 1332 2366 caele-

214 2403 313 2466 stibus
335 2403 521 2480 muniamus‚
545 2403 630 2468 utin
646 2403 696 2468 die
712 2403 899 2484 nequissimo
913 2403 1056 2467 resistere
1072 2403 1185 2468 diaboli
1198 2405 1287 2468 minis
1300 2405 1329 2468 et

214 2523 383 2588 repugnare
394 2507 556 2586 possimus.
574 2505 737 2570 induamus
751 2505 1039 2582 loricamiustitiae,
1051 2507 1088 2568 ut
1100 2501 1202 2570 bontra
1212 2507 1326 2570 inimici

214 2609 314 2672 iacula
328 2609 483 2688 munitum
498 2609 539 2672 sit
554 2610 660 2690 pectus
677 2609 708 2672 et
722 2609 847 2672 tutum.¹
859 2607 985 2700 [calciati
1000 2609 1069 2672 sint
1078 2609 1250 2690 coangelico
1264 2627 1326 2672 ma·

216 2711 343 2794 gisterio
356 2715 388 2774 et
403 2711 517 2774 armati
530 2713 633 2794 pedes,
649 2711 685 2774 ut
700 2729 771 2774 cum
786 2729 910 2792 serpens
932 2711 1044 2774 calcari
1060 2710 1179 2774 anobis
1193 2711 1224 2774 et
1234 2710 1326 2774 obteri
1338 2732 1361 2772 a

215 2815 364 2894 coeperit,
389 2815 526 2878 mordere
547 2815 578 2878 et
604 2813 803 2896 subplantare
824 2832 885 2876 non
904 2815 1014 2892 possit.
1035 2813 1192 2894 portemus
1215 2812 1330 2878 fortiter

215 2917 337 2980 scutum
361 2915 448 2992 fidei,
471 2933 530 2996 quo
550 2917 730 3000 protegente
751 2915 902 2996 quidquid
916 2915 1071 2980 iaculatur
1083 2915 1225 2980 iuimicus
1239 2917 1331 2996 possit

202 3017 362 3100 extingui.
381 3019 566 3100 accipiamus
583 3023 701 3100 quoque
714 3017 754 3082 ad
764 3019 981 3102 tegumentum
994 3019 1233 3102 capitisgaleam
1244 3019 1331 3100 spiri·

219 3123 325 3198 talem,
342 3123 377 3182 nt
393 3123 574 3186 muniantur
589 3139 688 3200 aurea,
704 3139 742 3184 ne
758 3121 887 3186 audiant
901 3121 1003 3186 edicta
1017 3121 1140 3205 feralia,
1162 3123 1334 3186 muniantur

218 3225 309 3296 oculi,
322 3245 359 3286 ne
373 3227 499 3288 uideant
512 3223 690 3288 detestanda
702 3225 877 3300 simulacra,
893 3225 1053 3288 muniatur
1063 3224 1155 3300 frons,
1171 3227 1206 3288 ut
1217 3225 1333 3308 signum
1342 3251 1365 3289 a

216 3327 274 3390 Dei
289 3327 443 3392 incolume
458 3329 606 3404 seruetur,
624 3325 783 3390 muniatur
794 3343 837 3404 oa,
853 3325 891 3390 ot
901 3325 1071 3390 Dominum
1083 3343 1174 3392 suum
1186 3325 1334 3390 Christum

319 3547 336 3598 4
353 3545 419 3614 npn.
441 3547 464 3610 e,
484 3547 593 3600 rn-m.

272 3751 434 3818 lindigitur
447 3755 473 3806 R
577 3753 620 3806 dei
638 3767 707 3806 eros.
720 3753 752 3806 in
769 3751 800 3820 Q,
813 3751 895 3806 oeM
996 3753 1142 3806 castrisM
1149 3753 1195 3806 scd
1206 3753 1230 3804 is
1241 3753 1272 3806 io
1282 3767 1334 3806 ras.

223 3839 323 3904 (castra
335 3835 370 3902 Q)
441 3837 458 3890 4
470 3837 623 3906 praeparari
635 3855 650 3890 o
721 3837 858 3904 apostolus
870 3837 966 3904 paulus
982 3837 1014 3906 Q,
1025 3837 1122 3904 paulus
1133 3839 1266 3906 apostolus
1277 3837 1303 3890 R

225 3921 300 3974 docet
313 3937 361 3974 oar.
382 3923 457 3990 ΨΜ,
469 3925 559 3974 monet
575 3921 610 3990 0²
622 3937 641 3974 s.
655 3923 671 3974 l.
777 3921 1035 3976 saonersusces
1049 3923 1095 3974 sed
1106 3937 1155 3976 om.
1169 3923 1197 3976 B
1288 3923 1341 3974 ser

224 3995 329 4074 harum]
346 4007 442 4060 inarum
455 4009 482 4060 P
584 4007 598 4060 l
613 4007 740 4074 spiritum
754 4007 780 4058 B
882 4007 973 4058 stuta
987 4005 1023 4076 Q²
1036 4007 1105 4072 (tota
1117 4007 1207 4076 ΜΨ),
1225 4007 1311 4060 omR

224 4091 258 4144 10
270 4107 299 4142 ac
311 4091 393 4144 cincti
407 4093 434 4146 P
507 4091 539 4144 11
552 4091 656 4144 induite
670 4091 820 4160 Qiiinduti
836 4091 926 4160 (PM),
940 4091 1081 4146 induentes
1096 4092 1124 4144 V
1187 4095 1214 4144 et
1225 4109 1273 4146 orn.
1285 4091 1311 4144 B

227 4177 260 4228 12
273 4177 406 4244 euangelii
418 4177 491 4244 pacis
504 4193 519 4230 o
625 4177 659 4228 14
670 4175 792 4244 spiritus]
811 4177 907 4228 christi
918 4175 947 4230 R
1051 4175 1084 4228 16
1096 4177 1239 4244 sumamus]
1251 4175 1342 4226 iratres

227 4261 396 4316 dilectissimi
418 4263 482 4316 odd.
500 4263 526 4316 V
628 4263 798 4330 tutamentis]
820 4261 981 4312 iuramentis
993 4277 1010 4312 o
1113 4261 1146 4314 18
1162 4261 1244 4314 lorica
1255 4263 1281 4314 B

225 4349 259 4400 22
271 4349 341 4414 quod
353 4349 391 4402 M
393 4353 400 4376 ¹
418 4351 481 4416 (quo
493 4349 530 4402 Μ
532 4349 578 4416 Ὦ)
682 4347 716 4400 23
733 4347 912 4414 tegimentum
925 4349 953 4400 P
1055 4347 1162 4414 capitis]
1181 4347 1275 4400 salutis
1287 4349 1314 4400 R

223 4433 385 4502 spiritalem]
398 4433 541 4486 salutarem
553 4451 569 4486 c
649 4433 683 4484 24
696 4431 807 4484 audient
826 4431 865 4484 R¹
881 4454 883 4457 ·
946 4429 1035 4484 edicta
1049 4471 1055 4480 .
1067 4469 1090 4482 ..
1104 4431 1213 4484 uideant
1225 4449 1272 4484 orn.
1287 4433 1313 4484 Β

229 4519 262 4572 26
283 4503 377 4572 dide
484 4517 614 4594 incolume
695 4533 771 4568 suum
795 4533 844 4570 cm.
863 4517 892 4570 R
999 4517 1148 4568 resorbetur
1168 4517 1194 4570 V
1289 4517 1343 4570 iesu

233 4605 329 4662 christi
342 4601 368 4656 n
