3084 5442
206 591 269 656 824
605 589 749 644 Caecilii
768 587 929 656 Cypriani

204 745 354 811 biberit
382 747 545 812 calicem
566 748 722 812 Domini
743 745 921 830 indigne,
949 767 1036 812 reus
1059 747 1133 812 erit
1157 745 1323 828 eorporis

205 853 243 914 et
265 851 471 934 sanguinis
493 851 656 914 Domini.

154 965 195 1024 22
248 953 312 1016 Nos
327 953 423 1018 etiam
437 955 509 1018 illos
524 973 600 1036 quos
615 955 647 1018 hi
664 955 718 1036 qui
732 953 818 1034 prius
835 953 869 1016 in
885 953 1011 1018 ecclesia
1027 953 1179 1018 catholica
1194 953 1321 1036 episcopi

204 1057 328 1122 fuerant
342 1059 374 1120 ot
387 1057 585 1140 postmodum
606 1057 668 1122 sibi
687 1057 876 1138 potestatem
901 1057 1030 1128 clericae
1051 1055 1249 1122 ordinationis
1271 1055 1320 1122 ai·

204 1162 361 1224 sumentes
375 1161 608 1240 baptizauerant
621 1177 747 1242 pronon
759 1159 926 1238 baptizatis
941 1161 1096 1224 habendos
1111 1159 1340 1224 iudicauimuss

204 1261 236 1324 et
250 1261 308 1325 hoc
329 1261 412 1344 apud
432 1279 487 1324 nos
507 1261 696 1344 obserantur,
719 1263 755 1326 ut
771 1261 956 1342 quicumque
973 1261 1010 1324 ab
1027 1259 1091 1324 illis
1112 1261 1203 1326 tincti
1219 1259 1256 1324 ad
1270 1277 1319 1324 nos

204 1363 334 1428 ueniunt
348 1365 509 1444 tamquam
524 1365 616 1429 alieni
631 1365 663 1430 et
678 1363 758 1428 nihil
773 1363 929 1428 consecuti
944 1361 1034 1430 unico
1051 1367 1166 1428 otnero
1182 1363 1319 1430 ecclesiae

204 1467 374 1532 catholicae
401 1468 559 1550 baptismo
588 1468 670 1548 apud
693 1484 750 1532 nos
775 1465 980 1546 baptizemur,
1012 1469 1049 1530 ut
1073 1467 1189 1530 lauacri
1219 1467 1318 1532 uitalis

204 1569 464 1652 regenerationem
491 1571 724 1652 consequantur.
750 1571 782 1633 et
807 1569 912 1632 tamen
937 1569 1073 1632 multum
1096 1569 1223 1634 interest
1243 1571 1320 1634 inter

205 1691 275 1736 cum
297 1672 350 1754 qui
365 1673 483 1736 inuitus
498 1673 530 1736 et
543 1673 725 1736 necessitate
739 1673 962 1754 persecutionis
979 1673 1100 1736 coactus
1116 1673 1273 1738 succubuit
1288 1673 1318 1736 et
1327 1695 1350 1734 rc

204 1775 299 1838 illum
309 1775 363 1856 qui
378 1775 527 1860 sacrilega
543 1775 702 1840 uoluntate
717 1773 817 1838 audax
833 1775 942 1844 contra,
955 1775 1115 1840 ecclesiam
1129 1775 1254 1839 rebellat
1270 1775 1318 1840 uel

204 1877 238 1942 in
260 1877 386 1942 Patrem
411 1879 443 1942 et
456 1878 557 1942 Deum
571 1877 687 1942 Christi
711 1881 743 1942 et
762 1877 860 1942 totius
883 1877 992 1942 mundi
1018 1877 1205 1944 conditorem
1225 1879 1319 1960 impia

204 1997 278 2044 uoce
298 1981 501 2060 blasphemat.
523 1983 556 2044 ct
569 2001 628 2046 non
650 1983 746 2061 pudet
760 1979 953 2060 Stephanum
974 1981 1030 2044 hoc
1052 1979 1199 2058 adserere,
1219 1983 1253 2044 ut
1267 1979 1319 2064 per

203 2100 263 2159 cos,
278 2079 354 2168 [qni]
372 2101 442 2144 cum
454 2083 514 2162 ipsi
525 2083 557 2146 in
569 2085 712 2148 omnibus
723 2083 857 2164 pcccatis
872 2083 936 2146 sint
952 2083 1123 2160 constituti,
1141 2083 1220 2148 dicat
1234 2101 1319 2164 posse

203 2184 415 2250 remissionem
434 2187 629 2266 pcccatorum
651 2187 729 2264 dari,
752 2185 840 2266 quasi
862 2183 960 2266 possit
982 2205 1047 2250 esse
1062 2185 1094 2248 in
1110 2185 1349 2250 clamomortisn

202 2287 364 2352 lauacrum
379 2287 501 2354 salutis

153 2399 194 2460 23
245 2387 309 2452 Vbi
327 2409 399 2474 crgo
415 2393 474 2456 erit
489 2391 570 2474 quod
584 2393 733 2472 scriptum
750 2391 812 2454 est:
835 2389 879 2454 ab
903 2409 998 2472 aqua
1021 2391 1149 2456 aliena
1172 2391 1318 2456 abstine

202 2495 240 2558 te
261 2495 299 2556 ct
321 2513 340 2558 a
361 2493 468 2558 fonto
490 2495 619 2558 alieno
640 2513 685 2558 nc
706 2493 878 2570 biberis·
895 2493 923 2556 si
940 2493 1049 2558 relicto
1071 2493 1212 2558 ecclesiae
1234 2495 1316 2558 sonte

204 2595 325 2680 signato
349 2597 482 2660 alienam
508 2615 620 2678 aquarn
642 2615 697 2678 pro
721 2599 776 2660 tua
802 2595 949 2676 suscipies
976 2597 1006 2658 et
1029 2595 1163 2676 profanis
1183 2593 1317 2660 fontibus

201 2699 362 2762 ecclesiam
388 2699 524 2779 polluis?
550 2699 670 2780 quando
698 2699 781 2762 enim
808 2699 961 2780 baptismo
987 2689 1346 2774 haeretico1umcomac

202 2801 352 2878 municas,
375 2801 449 2882 quid
468 2801 556 2864 alind
576 2821 670 2882 quam
686 2801 723 2864 de
739 2801 884 2884 uoragine
901 2801 932 2864 et
947 2819 1038 2864 caeno
1054 2799 1178 2866 illorum
1192 2801 1273 2864 bibis
1288 2801 1317 2864 et

201 2903 267 2984 ipsa
289 2903 434 2966 ecclcsiae
457 2903 699 2968 sanctificatione
722 2903 874 2986 purgatus
898 2903 1070 2968 alienarum
1092 2903 1225 2968 sordium
1247 2921 1316 2966 oon-

201 3005 336 3070 tsctibus
360 3005 553 3086 inquinaris?
579 3025 634 3071 nac
655 3007 770 3070 metuis
793 3005 945 3070 iudicium
967 3005 1025 3068 Dei
1048 3005 1207 3070 haereticis
1230 3005 1318 3070 testi-

201 3107 341 3174 monium
362 3111 467 3174 contra
488 3109 648 3174 ecclesiam
672 3109 845 3192 perhibens,
868 3127 939 3174 cum
955 3109 1104 3190 scriptum
1120 3109 1174 3174 sit:
1198 3109 1214 3174 f
1217 3111 1317 3174 alsus

201 3213 319 3276 testis
332 3229 403 3274 non
417 3213 495 3276 erit
508 3213 737 3294 inpunitus?
751 3211 826 3292 quin
840 3211 937 3276 immo
952 3213 989 3276 tu
1000 3211 1162 3276 haereticis
1178 3211 1349 3278 omnibusas

201 3313 285 3394 peior
300 3333 341 3378 cs.
369 3333 440 3378 nam
460 3333 531 3378 cnm
552 3314 622 3378 inde
641 3315 737 3380 multi
758 3313 882 3398 cognito
904 3331 1004 3378 errore
1025 3333 1079 3378 suo
1096 3315 1134 3380 ad
1148 3317 1180 3378 te
1194 3315 1317 3380 ueniant

201 3418 239 3480 nt
260 3417 404 3482 ccclesiae
425 3435 533 3480 uerum
553 3417 658 3480 lumen
679 3417 842 3498 accipiant,
865 3417 900 3480 tu
922 3415 1115 3482 uenientium
1135 3435 1248 3482 errores
1264 3417 1317 3482 ad·

201 3519 290 3582 iuuas
306 3521 335 3582 ot
351 3519 512 3584 obscurato
526 3519 644 3584 lumine
660 3517 884 3584 ecclesiasticae
901 3519 1043 3582 ueritatis
1059 3519 1198 3584 tenebras
1213 3521 1316 3584 haere·

201 3621 280 3684 tioao
300 3622 398 3686 noctis
419 3619 608 3698 adcumulas,
630 3639 760 3704 cumque
781 3637 813 3684 se
835 3618 886 3682 illi
901 3619 934 3682 in
949 3619 1082 3702 peccatis
1105 3639 1170 3684 esse
1191 3623 1223 3684 ot
1237 3619 1315 3684 nihil

201 3724 320 3806 gratiae
339 3723 451 3788 habero
465 3743 499 3786 se
513 3741 549 3788 ao
563 3723 723 3804 propterca
737 3721 777 3786 ad
793 3721 952 3786 ecclesiam
973 3723 1076 3788 uenire
1097 3723 1259 3802 fateantur,
1281 3725 1315 3788 tu
1324 3755 1348 3794 30

201 3825 247 3890 eis
266 3827 479 3890 remissionom
498 3827 692 3908 peccatorum
709 3825 870 3890 subtrahis
892 3843 968 3908 quoe
989 3825 1020 3888 in
1042 3827 1196 3908 baptismo
1218 3827 1317 3902 datur,

303 4039 335 4091 17
354 4037 431 4090 Pron.
449 4038 473 4102 9,
492 4037 533 4094 18.
602 4039 637 4092 24
653 4039 731 4094 Pron.
751 4037 792 4100 19,
812 4035 835 4088 5.

250 4233 268 4286 3
280 4249 345 4302 quos
357 4250 407 4288 ora.
420 4235 457 4286 M
459 4241 464 4268 ¹
482 4235 554 4302 (cah.
566 4235 652 4304 M'Q)
728 4235 747 4288 4
758 4233 813 4286 sibi
824 4235 986 4302 potestatam
1000 4233 1052 4316 sibi
1065 4231 1094 4286 E
1169 4233 1315 4288 trahendo

198 4319 272 4388 MQ1
378 4319 692 4390 outhqecha
803 4319 1005 4374 liturnum]
1105 4319 1277 4390 dioantMQ¹

201 4407 232 4460 17
245 4405 350 4460 abstine
362 4409 401 4474 tc]
414 4407 548 4461 abstinete
559 4408 590 4460 E
729 4407 762 4460 19
775 4421 844 4472 aqua
858 4405 891 4460 M
905 4407 1010 4472 (aquam
1027 4403 1060 4472 Q)
1204 4407 1315 4478 suscipis

200 4490 298 4560 Q‘Elo
384 4493 417 4544 21
430 4491 539 4544 imbibis
553 4491 578 4556 Ι,
591 4491 674 4544 inibis
685 4493 719 4557 E,
733 4489 810 4544 uiues
823 4491 865 4552 M,
879 4491 950 4542 niuis
965 4491 999 4560 0¹
1092 4491 1126 4544 29
1138 4491 1167 4544 in
1179 4493 1311 4564 omsMQ¹
