3084 5442
576 613 625 668 nd
645 617 811 668 Donatum
829 613 982 668 110--12,
1297 617 1338 680 13

199 773 329 838 fallendi
351 790 460 854 sapore
480 771 635 835 medicato
657 771 804 852 poculum
827 769 952 832 uidetur
976 787 1055 844 esse,
1079 767 1161 850 quod
1183 769 1337 834 sumitur:

199 877 253 942 ubi
270 876 359 956 epota
372 893 421 938 res
436 874 497 950 est,
513 873 664 954 pernicies
679 873 791 938 hausta
806 871 974 954 grassatur.
999 871 1111 952 quippe
1127 871 1219 934 illurn
1236 871 1337 948 uides,

201 981 254 1062 qui
276 977 394 1040 amictu
417 977 545 1040 clariore
567 975 747 1056 conspicuus
769 973 890 1058 fulgere
913 975 973 1038 sibi
995 975 1121 1038 uidetur
1136 975 1169 1036 in
1184 993 1334 1054 purpura:

201 1081 311 1164 quibus
326 1081 384 1142 hoo
399 1079 540 1142 sordibus
561 1080 656 1157 emit,
679 1083 716 1142 ut
738 1079 873 1160 fulgeat,
898 1097 974 1158 quos
997 1077 1215 1160 adrogantium
1238 1077 1337 1142 fastus

181 1183 285 1266 sprius
310 1183 455 1264 pertulit,
479 1199 555 1262 quas
578 1183 725 1262 superbas
744 1181 825 1244 fores
841 1181 1015 1244 matutinus
1037 1181 1189 1244 salutator
1205 1181 1336 1256 obsedit,

202 1287 275 1368 quot
303 1286 492 1360 tumentium
526 1286 747 1350 contumeliosa
776 1285 909 1368 uestigia
943 1285 1076 1366 stipatus
1112 1285 1145 1348 in
1175 1283 1338 1348 clientium

202 1407 311 1454 cuneos
333 1391 405 1454 ante
426 1391 607 1472 praecessit,
630 1391 668 1454 ut
689 1391 791 1472 ipsum
815 1391 911 1454 etiam
933 1389 1105 1454 salutatum
1128 1407 1228 1454 comes
1250 1391 1337 1472 post-

203 1493 330 1556 modum
355 1511 468 1576 pompa
487 1495 695 1574 praecederet,
719 1493 849 1558 obnoxia
874 1511 933 1556 non
956 1493 1076 1558 homini
1099 1495 1153 1556 sed
1179 1493 1337 1576 potestati.

204 1595 399 1676 nequeenim
425 1597 484 1660 coli
506 1599 645 1660 moribus
667 1597 781 1660 meruit
797 1595 851 1660 ille
874 1595 926 1658 sed
949 1595 1094 1660 fascibus.
1118 1599 1228 1660 horum
1252 1595 1337 1660 deui-

173 1717 263 1778 roque
274 1697 380 1762 uideas
396 1699 495 1764 exitus
507 1701 621 1782 turpes.
638 1717 828 1780 cumauceps
841 1701 1015 1780 temporum
1027 1701 1169 1782 palpator
1180 1701 1337 1776 abscessit,

206 1821 275 1864 cum
290 1802 407 1882 priuati
422 1802 504 1867 latus
518 1805 638 1868 nudum
649 1805 785 1868 desertor
797 1803 918 1866 adsecla
930 1803 1084 1868 foedauit:
1102 1805 1175 1868 tunc
1186 1803 1337 1866 laceratae

207 1905 314 1969 domus
329 1907 441 1988 plagae
455 1907 675 1972 censcientiam
690 1907 818 1982 feriunt,
843 1907 917 1970 tunc
932 1907 976 1970 rei
991 1907 1157 1970 familiaris
1174 1907 1338 1970 exhaustae

207 2009 318 2072 damna
332 2013 507 2087 noscuntur,
525 2011 637 2090 quibus
654 2011 829 2090 redemptus
846 2009 933 2072 fauor
948 2009 1038 2092 uulgi
1054 2011 1085 2072 11
1101 2009 1223 2072 caducis
1240 2013 1338 2090 adque

207 2111 350 2174 inanibus
365 2111 446 2174 uotis
460 2112 617 2192 popularis
633 2132 708 2176 aura
723 2111 861 2192 quaesita
877 2113 931 2174 est.
957 2113 1054 2174 stulta
1075 2129 1197 2192 prorsus
1214 2113 1244 2176 et
1260 2129 1335 2174 uam

175 2232 198 2271 1⁵
207 2213 340 2292 iactura,
364 2213 542 2276 frustrantis
557 2214 725 2296 spectaculi
739 2213 899 2294 uoluptate
914 2213 947 2276 id
962 2233 1067 2294 parare
1084 2215 1232 2294 uoluisse,
1258 2215 1338 2296 quod

206 2337 261 2382 nec
275 2319 405 2398 populus
422 2317 574 2398 acciperet
589 2319 620 2380 11
634 2317 774 2399 perderet
790 2315 1002 2398 magistratus.

249 2419 308 2484 Sed
322 2423 353 2485 et
368 2439 443 2502 quos
459 2422 572 2484 diuites
588 2421 720 2501 opinaris
741 2421 955 2484 continuantes
977 2421 1107 2484 saltibus
1125 2421 1223 2484 saltus
1246 2421 1276 2486 11
1298 2423 1335 2484 de
1350 2429 1388 2490 lt

207 2525 335 2588 confinio
350 2525 536 2606 pauperibus
551 2525 680 2588 exclusis
693 2525 815 2588 infinita
838 2543 872 2588 ac
895 2525 959 2588 sine
982 2515 1124 2588 terminis
1147 2543 1217 2588 rura
1240 2525 1334 2588 latius

207 2627 406 2710 porrigentes,
420 2627 530 2708 quibus
540 2627 661 2710 argenti
668 2627 699 2690 ot
706 2627 773 2690 auri
784 2627 956 2690 marimum
964 2627 1081 2706 pondus
1094 2629 1125 2690 11
1138 2627 1335 2708 pecuniarum

175 2759 200 2798 20
207 2731 381 2814 ingentium
392 2731 443 2794 111
454 2729 602 2794 erstmcti
612 2749 738 2814 aggeres
751 2729 801 2793 uel
813 2727 950 2792 defossae
961 2729 1068 2806 strues,
1082 2729 1137 2792 hos
1150 2729 1244 2794 etiam
1255 2729 1335 2792 inter

207 2833 335 2896 diuitias
350 2851 419 2896 suas
434 2833 569 2914 trepidos
583 2833 777 2917 cogitationis
798 2831 932 2896 incertae
955 2831 1132 2896 sollicitudo
1157 2831 1334 2908 discruciat,

206 2955 244 3000 ne
257 2935 370 3017 praedo
385 2937 501 3013 uastet,
516 2955 555 3000 ne
568 2954 728 3020 percussor
741 2934 877 3012 infestet,
893 2955 931 2998 ne
945 2935 1072 2998 inimica
1088 2935 1233 3016 cuiusque
1249 2935 1335 2998 locu-

206 3040 344 3122 pletioris
367 3039 485 3104 inuidia
507 3041 704 3104 calumniosis
728 3039 837 3104 litibus
862 3039 1020 3120 inquietet.
1044 3057 1103 3102 non
1126 3037 1211 3102 cibus
1227 3055 1332 3102 securo

208 3161 371 3208 somnusue
385 3143 545 3224 contingit,
561 3143 696 3224 suspirat
717 3143 771 3206 ille
787 3143 819 3206 in
835 3143 990 3218 conuiuio,
1007 3141 1094 3206 bibat
1110 3141 1183 3206 licet
1198 3159 1335 3224 gemma,

175 3265 198 3306 a
208 3250 239 3311 et
253 3267 324 3312 cum
339 3245 437 3329 epulis
457 3245 631 3310 marcidum
652 3263 759 3326 corpus
775 3247 860 3308 torus
876 3245 998 3308 mollior
1014 3245 1077 3310 alto
1093 3245 1162 3308 sinu
1185 3245 1334 3322 condidit,

207 3353 320 3434 uigilat
334 3351 368 3414 in
381 3351 487 3432 pluma
500 3369 556 3414 nec
569 3348 726 3434 intellegit
736 3349 847 3426 miser,
864 3349 998 3430 speciosa
1014 3347 1074 3410 sibi
1090 3367 1155 3414 1111
1171 3351 1334 3432 supplicia,

207 3473 279 3518 auro
294 3473 327 3518 se
341 3455 506 3536 alligatum
519 3453 616 3517 teneri
637 3455 669 3516 et
690 3451 839 3534 possideri
860 3453 971 3534 magis
988 3471 1081 3532 quam
1102 3453 1255 3534 possidere
1273 3449 1333 3538 [di-

258 3655 274 3710 1
292 3653 363 3722 quod
375 3653 483 3708 csead
497 3659 564 3708 112
615 3655 634 3710 2
654 3657 731 3724 epota
741 3671 784 3710 res
797 3657 839 3708 est
849 3653 911 3718 sW,
931 3657 1039 3724 epotata
1057 3671 1099 3708 res
1112 3657 1154 3710 est
1166 3657 1219 3720 Pr,
1240 3659 1331 3724 epota-

205 3742 328 3794 uerisset
345 3743 564 3808 epotatumesto
628 3743 647 3798 6
665 3744 730 3810 quot
741 3743 831 3806 PW2,
852 3741 920 3810 quod
944 3743 1012 3796 SW¹
1069 3743 1185 3812 stipatus
1198 3759 1245 3796 om.
1264 3759 1280 3794 r

205 3827 221 3878 7
239 3827 328 3878 cuneis
340 3827 383 3880 Po
395 3827 523 3894 (stipatus
536 3826 568 3880 cl.
581 3831 671 3880 cuneis
682 3829 782 3882 1111111
793 3829 965 3896 Krobiapcr,
994 3829 1095 3894 confert
1116 3843 1170 3880 aba
1190 3833 1259 3880 recte
1270 3845 1300 3896 p.
1313 3831 1331 3882 5

204 3911 223 3966 1.
237 3911 284 3981 16)
345 3913 521 3966 salutantium
533 3913 670 3967 Erasmus
732 3913 1278 3982 1011111111),111111111ῃοερετ

205 3999 239 4054 11
258 3998 398 4052 adsaecula
411 3999 471 4052 SW
519 4000 555 4054 13
573 4003 653 4068 atque
669 4001 728 4052 WP
784 3999 821 4058 15
840 4001 981 4052 frustautis
1005 4001 1037 4052 S¹
1089 3999 1128 4054 20
1146 4001 1281 4054 11111118

204 4083 394 4140 2311111111
440 4085 677 4154 241111111111111
731 4087 845 4154 gemma]
859 4069 1208 4154 gemmasRipaltias;'cfr.
1225 4085 1330 4154 Vergili

209 4169 304 4238 Georp.
319 4171 360 4224 Π.
374 4174 429 4224 506
438 4191 446 4224 .·
465 4173 496 4222 ut
517 4187 623 4238 gemma
644 4171 722 4224 bibat
734 4178 759 4226 11
771 4171 846 4226 Pae.
861 4175 884 4222 11.
895 4187 922 4224 a.
937 4171 1088 4224 XXXIII.
1102 4175 1118 4224 5
1183 4171 1220 4228 25
1240 4171 1327 4224 condi·

204 4253 299 4310 deritv
362 4257 399 4312 26
418 4258 531 4326 suplicia
545 4259 578 4322 S,
606 4259 737 4326 subplitia
756 4259 785 4310 P
848 4257 1032 4312 arescius
1091 4257 1223 4326 possidere
1241 4257 1330 4326 inagis

205 4357 284 4408 quam
294 4343 425 4412 possideri
435 4345 547 4398 diuitias
560 4347 626 4398 corat.
645 4345 803 4399 Groaoaiar
824 4345 840 4398 l.
855 4365 873 4396 c.
883 4349 985 4412 11264
1049 4343 1160 4396 diuitias
1174 4343 1268 4408 sWP,
1287 4343 1329 4396 di-

203 4427 287 4482 uitias
298 4433 379 4498 atque
390 4447 451 4500 opes
462 4449 491 4496 o;
501 4433 581 4484 cacis
592 4447 639 4500 epo
651 4433 752 4484 iactari
761 4433 820 4496 (cfr.
832 4431 908 4484 Plio.
922 4431 938 4482 l.
952 4429 1006 4482 IX.
1021 4431 1097 4496 epist.
1111 4433 1163 4482 30:
1182 4447 1212 4482 ea
1225 4429 1328 4482 inuasit

204 4511 323 4568 homines
347 4517 462 4570 habendi
488 4517 594 4586 cupido,
624 4519 656 4570 ut
675 4517 804 4586 possideri
821 4517 908 4584 magis
926 4531 1006 4582 quarn
1030 4515 1163 4584 possidere
1185 4515 1326 4568 uideantur

210 4599 291 4670 Oppr.
315 4601 350 4656 de
370 4603 455 4670 lapsis
475 4621 497 4658 1.
509 4607 560 4658 12:
577 4601 715 4670 possidere
733 4619 760 4656 se
781 4601 892 4654 eredunt
916 4601 962 4670 qui
979 4601 1069 4670 potius
1096 4601 1273 4670 possidentur)
