3084 5442
532 599 709 668 Epistulae
732 599 836 654 XXII.
854 615 875 654 o
894 599 969 654 1-3.
1248 595 1311 662 535

226 773 337 852 Aristm
353 773 403 854 qui
417 773 480 838 Deo
496 773 618 840 uolente
632 773 666 836 in
682 791 801 838 oareere
814 773 899 837 lame
913 773 1014 837 nenati
1029 773 1116 836 sunt:
1138 787 1269 854 quorum
1283 769 1316 834 et

225 895 266 944 nos
280 875 365 944 sooioe
378 875 495 942 futuros
510 875 593 942 intra
609 875 674 940 dies
690 875 834 942 audietis.
850 875 914 940 iam
928 875 1011 942 enim
1025 878 1062 942 ut
1075 875 1187 942 iterato
1202 875 1315 940 reclusi

225 1001 311 1048 sumus
324 979 391 1046 sunt
405 980 469 1046 dies
484 981 550 1046 ooto
565 979 598 1046 in
614 981 664 1044 die
679 997 738 1062 quo
753 979 816 1044 tibi
829 981 951 1044 litteras
966 979 1086 1064 scripsi.
1110 999 1183 1046 narn
1197 979 1315 1046 etanta

226 1085 278 1150 dios
297 1085 357 1148 ooto
376 1083 510 1166 perdius
531 1083 666 1166 quinque
687 1081 805 1148 medios
823 1085 981 1148 modicum
995 1085 1084 1166 panis
1096 1083 1269 1166 aooepimus
1285 1085 1316 1148 et

208 1207 317 1272 requam
326 1187 361 1252 ad
370 1205 549 1254 mensuram.
566 1189 597 1250 et
608 1187 686 1268 ideo,
702 1185 809 1270 freter,
823 1189 896 1270 poto
907 1189 943 1252 ut
955 1187 1037 1254 siout
1051 1187 1110 1267 hio,
1123 1205 1195 1252 eum
1205 1185 1314 1252 Domi-

225 1311 269 1358 nus
292 1289 412 1370 coeperit
435 1289 494 1370 ipsi
520 1289 665 1354 ecelesiae
686 1307 795 1370 paoem
816 1291 900 1370 dare,
926 1291 1095 1356 seeundum
1115 1289 1314 1372 praeceptum

225 1393 298 1460 Pauli
315 1393 489 1458 etnostrum
514 1395 684 1458 traotatum
709 1394 848 1476 exposita
869 1413 961 1460 eausa
981 1395 1062 1478 apud
1085 1394 1261 1478 episcopum
1283 1395 1316 1460 et

226 1499 291 1564 arta
307 1497 499 1580 exomologesi
519 1495 651 1562 habeant
671 1515 789 1578 paoem,
811 1517 872 1564 non
893 1499 1099 1584 lautumiae,
1123 1499 1176 1564 sed
1192 1499 1224 1562 et
1238 1516 1317 1580 quas

226 1601 272 1670 seis
286 1601 319 1666 ai
333 1599 465 1664 animum
478 1601 618 1666 nostrum
632 1601 795 1682 pertinere.

202 1729 221 1770 n
259 1703 385 1772 Saluiani
406 1721 458 1768 uos
483 1703 616 1788 collegae
639 1703 701 1768 mei
725 1703 871 1771 uniuersi.
899 1721 954 1772 uos
976 1705 1110 1772 sauata
1130 1703 1343 1778 eonfessoresa

227 1807 330 1874 Domini
349 1809 399 1890 qui
412 1807 456 1872 ibi
472 1807 629 1874 nobiseum
645 1809 727 1892 sunt',
751 1827 885 1890 quorum
898 1809 1023 1874 nomina
1037 1807 1220 1894 significasti
1233 1809 1314 1874 inter

228 1931 287 1994 quoe
301 1913 327 1976 et
340 1907 515 1976 Saturninus
537 1931 607 1976 oum
628 1911 795 1976 comitibus
815 1913 890 1992 suis,
915 1913 969 1976 sed
988 1915 1020 1978 et
1041 1913 1160 1996 oollega
1180 1931 1268 1978 meus
1284 1914 1315 1978 et

226 2015 312 2094 Maris,
336 2013 464 2080 Colleota
484 2017 514 2078 et
535 2015 682 2092 Emerita,
706 2013 889 2098 Calpurnius
910 2016 942 2079 et
961 2015 1071 2094 Maria,
1092 2013 1215 2097 Sabina,
1238 2013 1317 2096 Spo-

228 2117 290 2202 sira,
313 2117 341 2182 et
361 2135 472 2184 sorores
493 2117 645 2194 Ianuaria,
667 2117 794 2198 Datiua,
808 2119 942 2184 Donata.
968 2119 1139 2184 salutamus
1159 2134 1230 2182 oum
1250 2119 1317 2184 suis

204 2247 221 2286 a
229 2219 362 2300 Saturum
382 2221 560 2286 Bassianum
584 2221 614 2284 et
636 2221 813 2286 uniuersum
839 2223 965 2306 olorum,
980 2221 1140 2304 Vranium,
1157 2221 1311 2306 lilerium,

229 2323 413 2404 Quintianum,
439 2323 610 2390 Colonioam
633 2325 665 2390 et
680 2325 839 2390 uniuersos
857 2327 939 2408 peto,
964 2345 1093 2409 quorum
1112 2325 1236 2390 nomina
1254 2345 1315 2392 non

229 2427 326 2512 sumpsi,
352 2427 419 2510 quia
439 2429 502 2492 tam
522 2429 618 2508 lassus
640 2447 733 2492 eram.
760 2429 829 2492 ideo
844 2429 999 2512 ignoscere
1014 2418 1133 2494 debent.
1162 2427 1233 2510 opto
1248 2447 1318 2504 uos„

229 2531 352 2596 lilerium
365 2533 394 2596 et
406 2529 578 2596 Getulioum
591 2533 620 2596 et
633 2531 821 2616 argentarios
838 2531 869 2596 et
883 2549 999 2597 sorores
1013 2531 1089 2598 bene
1103 2532 1215 2598 ualere.
1231 2531 1320 2596 salu--

229 2635 284 2700 taut
303 2651 351 2700 uos
370 2651 482 2700 sorores
500 2653 585 2700 meae
600 2635 742 2700 Ianuaria
756 2637 789 2700 et
802 2633 915 2719 Sophia
929 2654 1004 2716 quas
1018 2635 1105 2700 uobis
1126 2633 1317 2700 commendo„

269 2873 441 2938 larisseno,
454 2873 539 2944 eriop
637 2855 698 2928 drio‘
700 2895 719 2944 μ
816 2889 944 2928 oaroerem
955 2875 1052 2928 famem
1066 2877 1097 2942 T,
1109 2887 1246 2930 carcerem

229 2959 339 3030 liienp
413 2961 452 3030 ut]
466 2975 555 3030 exque
569 2975 632 3026 φοοο
712 2960 1017 3030 ntideratoreolusip
1096 2961 1221 3030 4panern
1232 2974 1283 3028 φο)

230 3047 515 3118 iaquaadmensuraT
569 3047 647 3116 siout]
661 3047 697 3100 sii
710 3067 742 3116 μ,·
757 3047 1053 3116 siouthiocorroptnm
1114 3045 1281 3114 idpaulin

230 3115 581 3206 utexpniuoaanueep'ffl‘p
672 3131 813 3186 sshebeam
825 3153 845 3200 μ
934 3133 999 3186 haec
1012 3135 1122 3198 o‚hano
1134 3153 1153 3200 μ
1239 3133 1316 3204 quas]

232 3209 270 3292 ip
343 3219 480 3274 lanimem
492 3239 518 3284 a,
532 3235 647 3288 anumqr
727 3221 876 3288 nostramp
957 3219 1098 3290 pertinere]
1109 3219 1282 3290 peruenirew

232 3311 257 3362 11
267 3311 308 3380 ibi]
320 3309 443 3378 ubiquep
511 3305 713 3376 significastisp
781 3308 914 3362 interum.
928 3309 995 3374 Toop
1072 3305 1190 3374 requos]
1204 3321 1283 3374 uosp

232 3395 407 3464 utmmnump
489 3407 546 3446 oum
558 3409 641 3462 σοοφ
722 3391 873 3460 comitibus]
886 3391 1002 3446 motibus
1018 3391 1180 3456 Zorambos
1198 3391 1282 3446 Onon.

232 3481 310 3552 sedet]
321 3497 346 3536 se
356 3483 381 3534 et
394 3499 422 3548 φ,
435 3479 514 3532 sedeo
609 3479 770 3548 eollegamp
860 3477 1249 3548 mens]eni1np,eius0xon.

233 3569 354 3638 remoris]
373 3565 508 3634 macariip
603 3565 713 3620 collecto
732 3565 829 3620 merita
844 3581 877 3630 oo,
898 3565 1015 3634 collegae
1034 3565 1167 3632 meritap
1263 3565 1317 3620 oal-

232 3655 336 3722 purnium
350 3657 423 3724 Τφοο,
442 3653 578 3722 oerpunius
596 3671 614 3722 μ
707 3653 818 3706 mariam
836 3667 892 3720 φοο,
909 3652 1038 3721 mariasp
1129 3651 1249 3705 sabinam
1261 3668 1316 3720 φοο,

234 3741 368 3808 alumnasp
460 3737 590 3806 spesinam
603 3755 659 3806 pou,
678 3739 835 3807 pessimasp
929 3739 965 3793 14
983 3755 1000 3790 a
1020 3739 1140 3792 ianuario
1153 3739 1207 3806 Τφ,
1228 3737 1317 3792 ianua-

233 3827 289 3880 rium
298 3827 389 3896 aniam
401 3823 503 3894 uariop
562 3823 681 3878 datiuum
693 3841 724 3890 w,
738 3823 902 3893 dafiuaetp
961 3823 1119 3879 denotamur
1188 3823 1221 3878 15
1231 3827 1317 3878 satur-

233 3929 314 3968 numu
376 3911 716 3980 alexeumllalexioumw,
728 3911 1052 3980 alexioiumcp,ale1ump
1119 3911 1152 3966 16
1162 3911 1317 3966 oollonioam

234 3999 449 4068 nmoolonioump
538 4001 599 4068 peto
610 4013 689 4054 ormo
784 3997 817 4052 17
829 3997 987 4066 tamliamo
1077 3997 1285 4068 erem]ira1nT

234 4101 397 4156 cognoscerem
480 4081 603 4156 debeatp
691 4085 722 4140 18
736 4085 860 4154 alexium]
873 4103 993 4154 sexump
1072 4085 1282 4156 argentariump

232 4169 434 4226 ieueualereoru
448 4173 665 4242 Tpmposropoo
678 4173 840 4240 uospono'to
898 4173 930 4226 19
941 4173 1091 4242 ianuariop
1148 4171 1281 4242 sofianep

232 4257 362 4312 ammonio
373 4257 458 4334 uelata
468 4273 498 4310 w.
512 4287 543 4298 —
555 4259 676 4328 Epistola
687 4259 799 4314 Luciani
810 4259 979 4314 rosoribentis
991 4259 1109 4316 Celerina
1121 4275 1198 4328 super
1208 4261 1314 4317 nomine

233 4339 354 4396 Numerius
363 4345 389 4398 et
398 4341 527 4398 Candidee
537 4347 563 4398 et
571 4347 675 4400 nomine
684 4345 762 4400 Pauli
774 4349 801 4400 et
810 4345 972 4416 Mappalieae
985 4349 1014 4401 et
1024 4349 1168 4402 ceterorum
1180 4347 1316 4418 signifieat

235 4427 278 4480 sibi
288 4443 344 4496 quos
354 4427 485 4484 mandasse
496 4431 527 4484 ut
538 4433 689 4500 petentibus
702 4433 777 4488 daret
788 4447 880 4502 paoem
892 4433 1001 4504 explicit
1016 4437 1046 4502 Τ,
1058 4451 1106 4490 ooo.
1120 4450 1196 4504 prop.
1208 4465 1240 4476 -·
