3084 5442
222 587 285 652 700
618 585 767 640 Caecilii
788 585 953 654 Cypriani

217 741 350 826 largiter
365 741 504 808 subsidia
517 741 695 806 nummaria
705 741 856 806 fratribus
870 743 1076 822 contulerunt,
1093 757 1211 822 semper
1222 741 1341 820 quidem

217 843 392 908 secundum
406 845 479 908 fidei
495 863 569 908 suae
583 844 769 908 firmitatem
790 843 831 908 ad
851 861 926 924 opus
942 843 1002 906 Dei
1023 843 1120 926 proni,
1143 859 1221 906 nunc
1243 843 1342 906 tamen

219 947 323 1030 magis
352 945 392 1010 ad
414 963 506 1028 opera
527 945 678 1010 salutaria
699 945 960 1026 contemplatione
983 945 1064 1008 tanti
1086 943 1198 1008 doloris
1219 945 1340 1008 accensi.

220 1067 293 1112 nam
309 1067 380 1112 cum
394 1049 548 1112 Dominus
569 1049 602 1112 in
624 1047 786 1130 euangelio
808 1065 862 1110 suc
886 1047 983 1112 dicat:
1008 1047 1193 1110 infirmus
1214 1047 1286 1126 fui,
1309 1049 1342 1110 et

220 1151 430 1216 nisitastis
458 1171 530 1229 me,
565 1151 680 1232 quanto
709 1167 781 1214 cum
810 1149 923 1214 maiore
952 1149 1052 1230 operis
1080 1149 1180 1216 nostri·
1203 1149 1355 1214 mercedes

221 1255 361 1320 dicturus
390 1254 455 1318 est:
486 1255 669 1334 captiuus
697 1253 772 1334 fui,-
805 1253 843 1316 et
872 1251 1099 1326 redemistis
1128 1269 1190 1316 me.
1222 1253 1340 1318 etcum

218 1357 320 1420 denuc
348 1357 447 1420 dicat:
475 1359 516 1420 in
543 1375 698 1422 earcere
725 1353 800 1434 fui,
837 1341 1103 1420 etuisitastis
1131 1377 1202 1438 me,
1231 1359 1338 1438 quanto

219 1459 291 1542 plus
308 1461 442 1523 osteum
465 1459 599 1540 eoeperit
620 1459 736 1522 dicere:
759 1459 798 1522 in
822 1475 974 1522 carcere
998 1457 1251 1538 captiuitatis
1273 1457 1337 1536 fui,

220 1563 259 1624 et
280 1561 438 1626 clausus
468 1562 506 1624 et
532 1561 693 1626 uinctus
725 1559 826 1642 apud
849 1561 1046 1626 barbaros
1080 1561 1195 1638 iacui,
1229 1563 1265 1626 et
1297 1563 1337 1626 de

217 1683 369 1728 earcere
390 1665 464 1728 illo
486 1663 701 1728 seruitutis
721 1663 930 1728 liberastis
952 1683 1025 1742 me,
1055 1683 1125 1728 cum
1146 1663 1251 1728 iudicii
1273 1665 1366 1728 diesin

219 1767 341 1841 uenerit
354 1767 529 1848 praemium
543 1767 581 1830 de
595 1767 728 1830 Domino
742 1765 920 1848 recepturi?
945 1765 1074 1848 denique
1089 1767 1236 1830 maximas
1252 1767 1334 1832 uobis

217 1869 340 1954 gratias
360 1869 483 1954 agimus
499 1869 581 1950 quod
594 1887 650 1934 nos
673 1869 795 1934 uestrae
817 1867 1036 1934 sollicitudinis
1058 1871 1088 1934 et
1109 1869 1175 1934 tam
1195 1869 1287 1934 bonae
1308 1873 1336 1936 et

218 1973 406 2040 necessariae
420 1973 605 2054 operationis
619 1973 785 2055 participes
800 1991 866 2038 esse
878 1973 1031 2052 uoluistis,
1048 1973 1082 2036 ut
1093 1973 1241 2040 offerretis
1254 1973 1336 2040 nobis

224 2095 314 2160 agros
336 2077 454 2154 uberes,
474 2077 509 2140 in
523 2077 635 2158 quibus
651 2077 716 2158 spei
729 2079 852 2142 nostrae
868 2079 986 2142 semina
1009 2077 1210 2156 mitteremus,
1234 2095 1335 2160 espec

222 2181 322 2265 taturi
336 2199 468 2246 messem
488 2181 526 2244 de
548 2181 750 2262 amplissimis
773 2181 926 2246 fructibus
950 2181 1004 2264 qui
1026 2181 1064 2244 de
1084 2181 1141 2244 hae
1164 2181 1286 2246 caelesti
1307 2181 1366 2246 etis

216 2283 352 2348 salutari
373 2283 547 2364 operatione
561 2284 755 2366 proueniunt.
783 2283 926 2348 misimus
943 2287 1048 2350 autem
1063 2285 1204 2348 sestertia
1219 2285 1337 2348 centum

220 2386 311 2452 milia
325 2407 533 2467 nummorum,
549 2407 627 2468 quae
642 2389 715 2452 istic
727 2387 763 2452 in
778 2387 906 2452 ecclesia
921 2387 971 2452 cui
988 2389 1025 2452 de
1039 2387 1164 2452 Domini
1180 2387 1336 2472 indulgen·

219 2491 267 2569 tia
291 2510 472 2572 praesumus
498 2491 573 2556 cleri
598 2493 630 2556 et
655 2491 755 2574 plebis
781 2493 864 2572 apud
884 2509 938 2556 nos
960 2489 1154 2556 consistentis
1180 2491 1335 2556 collatione

223 2595 353 2658 collecta
369 2597 451 2673 sunt,
467 2613 545 2676 quae
559 2613 614 2660 uos
630 2595 698 2659 illie
711 2613 767 2676 pro
783 2595 887 2658 uestra
901 2593 1064 2678 diligentia
1080 2593 1301 2676 dispensabitis.

186 2709 209 2768 ὅ
261 2699 304 2762 Et
320 2701 464 2781 optamus
479 2697 604 2779 quidem
619 2697 701 2761 nibil
714 2697 779 2762 tale
794 2697 832 2760 de
848 2697 948 2760 cetero
964 2697 1031 2762 fieri
1047 2699 1077 2762 et
1092 2697 1202 2778 fratres
1216 2697 1330 2762 nostros
1342 2717 1366 2758 a

218 2801 346 2868 Domini
374 2801 537 2866 maiestate
564 2801 718 2884 protectos
747 2801 785 2866 ab
817 2799 968 2866 eiusmodi
997 2799 1140 2882 periculis
1169 2801 1332 2866 incolumes

218 2905 376 2971 reseruari.
404 2905 431 2967 si
452 2909 556 2968 tamen
579 2903 619 2968 ad
633 2905 853 2986 explorandam
880 2903 976 2970 animi
1003 2903 1098 2968 nostri
1125 2905 1284 2969 caritatem
1304 2905 1332 2968 et

219 3007 453 3082 examinandam
475 3007 575 3072 nostri
594 3008 725 3088 pectoris
739 3007 834 3072 fidem
849 3007 913 3072 tale
928 3005 1047 3088 aliquid
1063 3005 1214 3084 acciderit,
1240 3007 1331 3072 nolite

219 3111 358 3176 cunctari
372 3111 516 3174 nuntiare
529 3111 605 3174 haec
618 3111 708 3174 nobis
726 3111 844 3175 litteris
865 3111 989 3190 uestris,
1010 3129 1064 3192 pro
1087 3111 1168 3174 certo
1188 3109 1330 3176 habentes

215 3215 250 3277 et
270 3213 399 3278 scientes
425 3213 587 3278 ecclesiam
610 3215 748 3278 nostram
769 3215 801 3278 et
822 3213 1049 3278 fraternitatem
1069 3213 1141 3276 istic
1160 3213 1329 3278 uniuersam
1338 3233 1361 3274 a

216 3335 256 3380 ne
276 3317 351 3380 haec
372 3301 457 3380 ultra
476 3313 552 3378 fiant
573 3315 716 3398 precibus
736 3334 833 3394 orare,
856 3317 882 3382 si
904 3315 988 3380 facta
1008 3315 1131 3396 ineunt,
1152 3315 1281 3380 libenter
1300 3319 1329 3380 et

217 3419 347 3502 largiter
361 3417 500 3484 subsidia
514 3419 678 3500 praestare.
700 3421 736 3484 ut
756 3421 862 3484 autem
883 3421 994 3484 fratres
1015 3421 1133 3484 nostros
1153 3437 1188 3484 ac
1207 3437 1328 3498 sorores,

217 3520 272 3603 qui
297 3523 338 3586 ad
362 3521 420 3586 hoc
446 3539 522 3604 opus
542 3521 608 3586 tam
629 3523 836 3594 necessarium
855 3525 997 3606 prompte
1018 3541 1053 3596 ac
1072 3523 1203 3588 libenter
1217 3523 1329 3604 operati

217 3627 300 3710 sunt,
317 3629 355 3692 ut
369 3645 490 3712 semper
505 3628 677 3708 operentur,
693 3614 726 3690 in
740 3627 843 3692 mente
858 3627 998 3696 habeatis
1014 3627 1199 3692 orationibus
1219 3627 1328 3690 uestris

315 3831 334 3884 4
350 3831 449 3885 Matth.
467 3831 509 3894 25,
528 3832 569 3886 36.

261 4003 441 4068 inamariap
567 3999 1016 4072 bquautolnuncquoqueaddo
1139 4001 1264 4056 cereum

204 4087 341 4140 uisitastis
357 4103 400 4140 me
411 4103 461 4140 om.
474 4103 490 4139 r
567 4087 731 4142 luisitastis
743 4107 771 4157 μ,
790 4087 903 4140 uenistis
916 4085 977 4140 ado
1056 4089 1073 4140 8
1086 4087 1154 4156 cum]
1172 4101 1265 4156 equom
1276 4101 1291 4138 r

206 4173 536 4242 incarcereineareerep
638 4173 788 4242 delususp
894 4173 927 4226 10
939 4173 1008 4242 cum]
1028 4179 1177 4240 quomrut
1187 4189 1290 4240 semper·

207 4257 239 4312 12
252 4261 281 4312 et
291 4259 330 4327 n]
348 4275 378 4312 ac
388 4259 552 4312 necessariae
564 4275 581 4312 a
716 4259 888 4328 operationis]
907 4259 1038 4312 orationis
1051 4275 1085 4328 cp
1221 4259 1253 4314 16
1265 4275 1321 4328 per·

205 4345 347 4398 ueniuntr
453 4345 608 4398 sestertium
619 4361 641 4398 e.
654 4363 689 4398 m.
702 4361 841 4398 nummum
858 4345 980 4400 Groucu.
995 4347 1038 4398 lib.
1051 4345 1094 4400 De
1106 4351 1166 4398 sest.
1181 4365 1208 4398 c.
1220 4347 1255 4398 18

206 4431 239 4482 17
251 4431 304 4500 eni]
318 4431 413 4497 quibus
424 4445 441 4482 r
562 4430 598 4484 20
608 4431 716 4499 quidem
726 4431 808 4500 nihil]
821 4447 854 4484 ne
867 4431 931 4500 quid
943 4447 959 4484 r
1078 4431 1112 4484 22
1125 4431 1274 4500 explorandi
1286 4447 1321 4500 rp

205 4517 416 4572 nostrianimic
517 4519 756 4572 23examinandir
858 4521 893 4574 25
904 4521 931 4572 et
943 4517 1058 4574 seientes
1070 4535 1148 4576 omo
1248 4519 1280 4572 29
1293 4519 1321 4572 in

203 4601 399 4658 orationibusc
