3084 5442
225 612 288 677 712
630 609 776 666 Caecilii
794 609 957 678 Cypriani

222 768 390 848 utrumque
412 765 561 832 miscetur
576 768 608 830 et
628 765 813 832 adunatione
839 765 964 832 confuse
988 765 1047 832 sibi
1068 765 1200 830 inuicem
1223 765 1337 848 copula-

222 871 286 946 tur,
309 873 384 934 tune
406 871 635 934 sacramentum
655 869 797 952 spiritale
820 869 850 934 et
871 869 999 934 caeleste
1020 867 1187 952 perficitur.
1215 869 1257 934 sie
1272 885 1337 934 uero

223 973 305 1036 calix
318 973 446 1038 Domini
464 991 525 1038 non
540 973 587 1036 est
601 993 682 1054 aqna
696 973 761 1036 sola
776 975 831 1036 aut
847 973 955 1036 uinum
975 973 1085 1050 solum,
1108 969 1167 1036 uisi
1182 973 1337 1054 utrumque

223 1075 286 1138 sibi
308 1075 483 1152 misceatur,
510 1077 662 1158 quomodo
684 1095 741 1140 nec
762 1093 872 1158 corpus
894 1075 1020 1140 Domini
1042 1075 1143 1158 potest
1164 1091 1226 1140 esse
1246 1075 1337 1140 farina

225 1179 361 1259 solapaut
376 1197 456 1260 aqna
469 1179 544 1255 sela,
566 1179 627 1242 nisi
641 1183 808 1260 utrumque
823 1177 995 1242 adunatum
1009 1177 1105 1242 inanit
1120 1177 1150 1240 et
1165 1179 1332 1258 copulatum
1344 1203 1354 1240 5

224 1281 257 1346 et
270 1281 361 1362 panis
376 1281 467 1344 unius
483 1299 618 1362 conpage
633 1279 812 1344 solidatum.
835 1299 893 1358 quo
915 1281 946 1342 et
961 1281 1027 1358 ipse
1044 1281 1230 1344 sacramente
1244 1297 1333 1360 popu-

223 1383 274 1446 lus
294 1383 397 1446 noster
417 1381 590 1456 ostenditur
612 1381 776 1457 adunatus
799 1383 835 1444 ut
851 1381 1110 1462 quemadmodum
1132 1401 1223 1464 grana
1244 1381 1337 1446 multa

222 1485 257 1548 in
278 1499 376 1548 unum
390 1485 518 1548 collecta
533 1485 566 1548 et
580 1485 749 1548 coumolita
763 1485 795 1548 et
811 1485 965 1548 conmixta
981 1487 1202 1566 panem'unum
1217 1485 1334 1562 faciunt,

223 1585 317 1650 sicin
331 1585 452 1650 Christo
467 1587 521 1668 qui
535 1587 583 1650 est
597 1587 687 1668 panis
702 1587 845 1650 caelestis
867 1605 963 1656 unum
986 1587 1118 1650 sciamus
1141 1603 1205 1650 esse
1226 1605 1333 1668 corpus

225 1689 276 1752 cui
291 1689 471 1752 coniunctus
486 1689 528 1752 sit
543 1691 648 1752 noster
660 1707 808 1752 numerus
825 1689 855 1752 et
871 1687 1031 1752 adunatus,
1343 1713 1364 1752 n

175 1797 215 1859 14
267 1789 338 1854 Non
352 1791 400 1854 est
414 1809 497 1872 erge,
512 1791 609 1854 frater
624 1791 792 1870 carissime,
816 1791 896 1872 quod
913 1791 1027 1872 aliquis
1044 1791 1198 1854 existimet
1212 1809 1334 1874 sequeu-

223 1893 296 1957 dam
321 1911 386 1956 esse
412 1893 604 1974 quorundam
630 1893 891 1972 consuetudinem,
915 1893 942 1958 si
964 1893 1017 1974 qni
1036 1893 1069 1956 in
1091 1893 1287 1976 praeteritum
1306 1893 1336 1960 iu

222 1995 317 2058 calice
339 1995 492 2058 dominico
512 2013 624 2076 aquam
645 1995 744 2060 solam
764 1995 950 2060 offerendam
971 1996 1174 2076 putauerunt:
1198 2015 1334 2078 quaeren-

224 2097 302 2162 dum
324 2099 372 2162 est
392 2097 474 2162 enim
496 2098 555 2178 ipsi
577 2117 670 2180 quem
690 2099 754 2162 sint
777 2099 882 2166 secuti.
908 2117 980 2162 nam
1001 2099 1027 2164 si
1048 2097 1080 2162 in
1102 2097 1245 2164 sacrificio
1260 2097 1335 2180 quod

227 2195 370 2262 Chiistus
393 2201 509 2284 optulit
527 2219 587 2264 non
609 2201 671 2266 nisi
694 2199 834 2266 Christus
856 2201 1026 2282 sequendus
1043 2203 1099 2280 est,
1121 2201 1226 2282 utique
1239 2201 1270 2264 id
1285 2219 1334 2266 nos
1343 2227 1364 2266 1⁵

223 2303 371 2368 obaudire
387 2303 418 2366 et
432 2302 531 2368 faeere
552 2305 673 2384 oportet
687 2303 769 2384 quod
785 2303 925 2368 Christus
941 2303 1015 2368 fecit
1031 2305 1063 2368 et
1078 2303 1158 2384 quod
1170 2301 1335 2368 faciendum

224 2425 290 2472 esse
315 2405 486 2483 mandauit,
513 2405 635 2486 quando
658 2405 777 2488 ipsein
799 2405 958 2490 euangelio
982 2405 1082 2468 dieat:
1105 2405 1139 2468 si
1163 2403 1335 2468 feceritis

224 2509 328 2593 quod
358 2507 493 2574 mando
521 2507 652 2584 uobis,
685 2509 762 2572 iam
790 2527 862 2572 non
890 2507 978 2574 dieo
1008 2525 1073 2572 nes
1104 2523 1250 2586 soraee,
1277 2509 1335 2572 scd

224 2613 377 2676 amicos.
400 2613 433 2676 et
453 2611 533 2692 quod
549 2609 690 2674 Chiistns
710 2611 821 2674 debeat
842 2611 926 2674 solus
950 2609 1061 2692 audiri,
1083 2613 1171 2692 pater
1192 2611 1281 2674 etiam
1301 2609 1335 2674 de

221 2713 317 2778 caelis
346 2715 536 2778 contestatur
562 2713 772 2778 dicenstxhic
802 2713 862 2776 est
889 2709 1006 2778 filius
1036 2731 1137 2776 meus
1160 2711 1358 2778 dilectis-ee

223 2817 362 2898 simus,
396 2817 435 2880 in
465 2833 537 2898 quo
568 2819 665 2880 bene
698 2817 821 2894 sensi,
856 2817 983 2898 ipsum
1013 2817 1160 2880 audite.
1194 2835 1281 2898 quare
1307 2815 1332 2880 si

223 2921 310 2985 solus
324 2919 464 2982 Chiistus
483 2919 654 2984 audiendus
670 2919 733 2998 est,
758 2937 819 2982 non
835 2919 981 2984 debemus
997 2919 1158 2984 adtendere
1174 2913 1249 3000 quid
1260 2917 1334 2994 alius

223 3021 299 3086 ante
319 3039 374 3086 nos
388 3021 564 3086 faciendum
578 3039 644 3086 esse
658 3021 831 3104 putauerit,
855 3021 907 3086 sed
929 3023 1004 3104 qnid
1023 3021 1161 3104 quiante
1177 3039 1277 3086 omnes
1291 3021 1333 3084 est

223 3123 367 3190 Chiistus
386 3124 469 3207 prior
482 3123 599 3188 fecerit.
620 3123 818 3204 nequeenim
837 3125 968 3188 hominis
992 3123 1239 3190 consuetudinem
1254 3123 1333 3204 sequi

223 3229 355 3312 oportet,
382 3227 436 3292 sed
453 3227 513 3292 Dei
535 3227 711 3306 ueritatem,
740 3247 809 3294 cum
832 3247 886 3310 per
906 3229 1031 3294 Esaiam
1055 3227 1232 3310 prophetam
1255 3227 1362 3292 neusa

225 3329 370 3413 loquatur
393 3331 425 3394 et
450 3331 547 3395 dieat:
576 3329 659 3394 sine
689 3348 802 3394 causa
831 3331 957 3396 autem
988 3331 1121 3394 colunt
1141 3349 1210 3408 mc,
1239 3349 1333 3394 man·

327 3551 360 3604 17
378 3549 415 3604 Io.
433 3549 473 3614 15,
492 3549 532 3602 lt
551 3547 592 3602 15.
661 3549 698 3604 20
713 3549 814 3602 Matth.
834 3549 875 3612 17,
892 3549 916 3602 5.
987 3549 1019 3608 26
1037 3549 1080 3604 Es,
1099 3549 1139 3614 29,
1159 3549 1198 3602 13.

275 3749 291 3798 1
304 3745 366 3816 sibi]
380 3745 437 3798 sint
448 3745 501 3798 sibi
513 3745 550 3812 85
562 3743 629 3808 fort.
642 3745 681 3798 sic
693 3745 746 3798 sibi
822 3745 977 3812 copulantur
990 3745 1013 3798 S
1084 3745 1100 3798 2
1112 3743 1268 3812 spiritaliter
1282 3743 1304 3798 S

221 3831 272 3900 sic]
285 3831 350 3884 sin
435 3829 659 3896 bautaqnasola
671 3829 758 3884 etad
835 3833 977 3898 utrumque
990 3829 1097 3898 quaeli
1181 3829 1335 3896 dquoRln

220 3932 285 3984 ras„
298 3915 368 3984 quod
380 3915 442 3984 ὅςὴ
453 3915 487 3978 ef.
496 3931 525 3982 p.
539 3915 639 3980 707,16
748 3915 766 3968 8
778 3915 929 3968 conmoluta
942 3915 992 3968 ΒΡ
1100 3915 1131 3968 11
1145 3915 1194 3984 est]
1213 3931 1266 3968 esse
1279 3915 1304 3970 R

218 3985 356 4068 duffio
450 3983 685 4066 sequemllddamS
777 4001 809 4052 13
821 3999 931 4054 calicem
939 3995 1101 4054 'dominicum
1114 3999 1148 4054 3¹
1242 3997 1334 4054 15nisi

219 4087 356 4142 christiR
440 4085 473 4138 16
484 4081 736 4152 facitQ(fecitM)
819 4085 851 4138 19
865 4083 1082 4140 selusdebeatli
1161 4083 1298 4140 audireR¹

216 4169 446 4224 ‘20caeloLPRe
535 4170 700 4222 contestetur
711 4170 773 4236 ΕΡ,
787 4173 953 4224 contestatus
966 4169 993 4224 R
1077 4161 1277 4224 dilectussumus
1291 4169 1331 4232 δ’,

215 4257 392 4310 dilectissime
402 4257 432 4312 R
583 4255 618 4308 22
630 4254 699 4309 alius
711 4271 746 4310 ea
756 4255 830 4310 aliud
844 4255 868 4310 S
876 4273 909 4310 m.
923 4259 947 4320 2,
962 4255 1047 4324 aliqui
1060 4255 1092 4320 P,
1107 4257 1202 4324 aliquis
1217 4257 1249 4320 L,
1263 4253 1332 4308 aliud

216 4341 358 4410 aliquisR
441 4341 475 4394 23
486 4339 621 4394 faciendus
633 4341 666 4396 8¹
757 4359 815 4396 esse
828 4345 929 4396 eccesie
942 4341 1007 4396 Sca.
1020 4345 1046 4408 2,
1060 4357 1109 4394 eea.
1123 4341 1200 4412 LPQ
1278 4341 1331 4410 qui]

216 4427 343 4494 quiusa
432 4425 563 4494 est]etL
657 4425 1049 4492 24n0minesah0minum1t
1138 4425 1268 4482 25eseien
1282 4427 1310 4482 S·

214 4511 251 4566 26
262 4513 401 4566 mandatas
417 4511 467 4582 QR
