3084 5442
196 613 259 680 658
597 609 743 668 cacerris
767 611 930 680 cypriani

197 767 425 850 persecutiones
447 767 515 832 fieri
544 769 579 832 ut
601 767 767 850 probemur
790 769 822 834 ct
843 769 879 833 ut
902 767 1063 834 dilectioni
1084 765 1143 834 Dei
1176 765 1257 830 insto
1279 767 1326 830 iu·

201 873 322 936 storum
344 871 596 956 praecedentium
620 873 758 954 exemplo
781 887 836 934 nos
858 867 955 936 etiam
977 870 1077 936 morte
1092 870 1124 934 et
1137 867 1323 952 passionibus

202 977 392 1060 copulemur.
421 975 526 1058 posuit
555 975 637 1040 enim
665 975 698 1040 in
729 975 864 1058 epistula
892 993 949 1040 sua
971 975 1093 1040 dicens:
1123 971 1325 1054 carissimi,

202 1079 331 1144 nolite
368 1077 505 1142 mirari
539 1077 715 1142 ardorem
748 1077 993 1142 accidentem
1024 1077 1155 1153 nobis,
1191 1079 1254 1156 qui
1284 1079 1326 1142 ad

204 1177 509 1262 temptationem
532 1181 702 1244 uestram
725 1179 795 1258 iit,
823 1199 892 1246 nco
913 1181 1110 1244 excidatis
1138 1181 1346 1260 tamquams

204 1301 344 1348 nouum
376 1281 488 1346 uobis
523 1281 727 1368 contingat
759 1281 825 1346 sed
858 1281 1203 1364 quotienscumque
1234 1301 1326 1348 com·

203 1385 418 1450 muricatis
441 1383 592 1450 Christi
614 1385 879 1466 passionibus,
908 1405 976 1468 per
1004 1387 1132 1450 omnia
1154 1385 1324 1470 gaudete,

202 1489 245 1552 ut
268 1489 305 1552 et
327 1487 365 1556 in
388 1487 631 1552 reuelatione
659 1487 765 1552 facta
788 1487 992 1552 claritatis
1014 1487 1324 1572 ciusgaudentes

199 1589 400 1656 exultetis.
431 1589 463 1654 si
485 1589 762 1672 inproperatur
790 1589 903 1653 uobis
925 1591 967 1653 in
993 1591 1147 1654 nomine
1169 1589 1323 1670 Christi,

196 1693 308 1758 beati
331 1695 443 1772 estis,
472 1697 561 1776 qnia
589 1691 815 1758 maiestatis
838 1695 877 1757 ct
899 1693 1067 1758 uirtutis
1089 1691 1244 1758 Domini
1265 1713 1356 1758 tro-ro

201 1815 284 1862 men
320 1797 358 1860 in
391 1796 506 1862 uobis
538 1795 770 1878 requiescit,
805 1797 905 1878 qnod
935 1795 1089 1878 quidem
1120 1795 1324 1860 secundnm

205 1897 299 1964 illos
322 1899 626 1982 blasphematur,
649 1899 858 1964 secundum
879 1917 945 1962 nos
967 1897 1322 1964 autemhonoratur.

205 2001 386 2066 docuerunt
400 2003 504 2066 autern
526 2021 581 2066 nos
604 2001 737 2084 apostoli
758 2021 795 2066 ea
816 2019 894 2084 quac
916 2003 954 2066 de
975 2001 1146 2084 praeceptis
1169 1999 1323 2066 dominicis

202 2105 234 2168 et
263 2103 448 2168 caelestibus
478 2103 634 2170 mandatis
664 2105 724 2186 ipsi
754 2121 874 2186 quoquc
894 2105 1077 2168 didicerunt
1104 2103 1234 2168 Domino
1260 2105 1323 2186 ipso

199 2207 320 2272 scilicet
335 2207 548 2270 corroborante
561 2225 617 2272 nos
631 2207 663 2270 et
677 2207 813 2272 dicente:
835 2225 942 2272 nemo
966 2207 1026 2270 est
1039 2208 1107 2288 qui
1120 2205 1347 2288 relinquatis

202 2309 351 2376 domum
373 2309 439 2372 ant
460 2327 595 2392 agrum
617 2309 682 2372 aut
703 2311 888 2390 parentes
910 2311 977 2374 aut
996 2309 1320 2390 fratrcsauturo·

199 2431 280 2476 rem
303 2414 369 2477 aut
391 2411 503 2476 filios
525 2411 686 2494 propter
708 2429 867 2494 regnum
889 2412 975 2492 Dei,
1004 2413 1043 2474 et
1063 2431 1134 2476 non
1159 2411 1323 2491 recipiat

199 2513 350 2596 septies
380 2515 533 2578 tantum
564 2515 601 2576 in
628 2513 705 2578 isto
733 2515 919 2596 tempora,
949 2513 988 2576 in
1015 2513 1174 2578 saeculo
1203 2513 1323 2578 autom

200 2619 368 2682 uenturo
391 2617 513 2680 uitam
529 2617 733 2682 aeternam.
757 2617 928 2699 etiterum,
943 2615 1059 2696 beati,
1074 2615 1185 2698 inquit,
1201 2615 1320 2696 eritis,

205 2741 289 2786 cum
325 2717 410 2782 odio
444 2735 507 2780 nos
541 2717 747 2784 habuerint
784 2719 956 2784 homines
984 2719 1020 2782 ct
1049 2717 1351 2802 separauerinta

205 2839 274 2886 uos
308 2823 347 2886 ct
379 2819 602 2900 expulerint
634 2823 671 2884 et
703 2819 981 2886 maledixerint
1012 2819 1160 2886 nomini
1189 2821 1319 2887 nestro

205 2925 316 3008 quasi
346 2941 513 3004 nequam
541 2925 697 3006 propter
726 2923 863 2988 filium
884 2923 1062 2990 hominis.
1098 2921 1262 3008 gandete
1282 2924 1319 2987 in

203 3027 276 3092 illa
299 3027 359 3092 die
382 3029 419 3092 et
441 3027 625 3092 exultate.
649 3045 733 3092 ecee
754 3027 856 3090 enirn
877 3045 1023 3092 merces
1046 3027 1178 3092 uestra
1198 3025 1318 3090 multa

201 3131 393 3196 incaelis.

244 3229 383 3297 Gaudere
405 3249 458 3296 nos
482 3233 512 3294 et
535 3231 672 3296 exultare
693 3231 795 3296 uoluit
815 3233 849 3295 in
870 3231 1134 3312 persecutionibus
1157 3229 1312 3309 Dominus
1321 3251 1345 3293 a

202 3335 275 3416 qnia
298 3333 416 3414 quando
439 3333 665 3416 persecutiones
680 3333 767 3410 fiunt,
785 3336 859 3398 tunc
874 3335 989 3398 dantur
1003 3353 1128 3398 coronae
1142 3333 1223 3410 fidei,
1244 3336 1316 3398 tuuc

201 3437 371 3518 probantur
385 3437 502 3500 milites
517 3437 587 3514 Dei,
603 3437 678 3500 tunc
691 3436 881 3518 martyribus
895 3436 1002 3516 patent
1017 3437 1104 3500 caeli.
1127 3437 1316 3516 nequeenim

202 3537 248 3602 sic
268 3557 379 3602 nomeu
399 3537 533 3602 miiitiae
557 3539 697 3602 dedimus
720 3541 755 3602 ut
776 3555 885 3618 pacem
906 3537 1121 3604 tantummodo
1141 3539 1274 3620 cogitare
1288 3539 1317 3602 et

199 3641 370 3704 detractare
385 3657 419 3704 ac
434 3659 571 3704 recusare
586 3641 733 3704 militiam
748 3641 923 3720 debeamus,
945 3643 1065 3722 quando
1080 3642 1114 3704 in
1127 3641 1193 3722 ipsa
1207 3641 1317 3704 militia

301 3841 350 3894 31
368 3841 440 3894 Pctr.
458 3839 483 3904 4,
502 3841 612 3896 12-14.
683 3841 796 3896 15an
815 3843 856 3908 18,
872 3843 914 3896 29.
933 3843 975 3896 30.
1045 3845 1077 3896 19
1095 3845 1157 3896 Luc.
1176 3843 1200 3908 6,
1217 3845 1257 3896 22.
1276 3843 1315 3897 23.

251 4011 530 4082 Ipsi-secutionemR
623 4013 704 4082 etut]
718 4015 748 4066 ut
761 4013 826 4082 etQ
917 4013 1099 4082 ffilecfioan
1185 4015 1314 4068 iustcom.

200 4097 297 4166 Broc
394 4095 514 4148 derdere
527 4097 555 4150 R
656 4097 742 4166 onec]
755 4097 826 4166 an
928 4099 1064 4166 Gnouum]
1078 4097 1181 4166 aliquid
1192 4097 1284 4152 addc

202 4183 336 4236 1211111111
349 4199 397 4238 ora.
415 4181 437 4250 Q
535 4181 568 4234 13
580 4181 612 4236 de
624 4197 672 4236 om.
688 4183 715 4236 B
811 4181 846 4236 14
856 4199 942 4250 super
955 4199 1057 4250 quoqne
1069 4185 1098 4238 B
1108 4201 1142 4238 cr.
1155 4183 1229 4236 2uel
1240 4197 1314 4250 quos·

198 4283 249 4336 que
353 4267 503 4334 refrenes]
523 4275 569 4320 ant
586 4283 686 4320 sorores
705 4267 804 4322 oddo
906 4269 939 4322 17
951 4269 1060 4336 recipiet
1072 4271 1113 4323 R²
1214 4267 1246 4320 19
1258 4267 1314 4320 nita

197 4351 344 4406 aeternali
446 4353 480 4406 20
491 4351 611 4406 homines
629 4367 677 4406 occ.
693 4353 721 4406 B
823 4353 860 4408 23
870 4355 957 4406 multa
974 4369 1023 4407 om.
1037 4355 1080 4422 B;
1101 4353 1143 4406 est
1154 4351 1216 4405 add.
1230 4351 1314 4406 BMR

194 4439 258 4506 (om.
274 4435 310 4506 Q)
382 4437 415 4490 27
429 4437 482 4506 dei]
496 4437 591 4492 christi
608 4437 634 4490 V
698 4437 733 4490 28
745 4439 864 4508 cogitare
875 4439 1015 4492 debeamus
1029 4439 1058 4494 R
1125 4437 1159 4491 29
1171 4435 1314 4492 detrectare

197 4521 270 4576 BPc
340 4525 380 4592 ac]
394 4525 449 4578 eto
517 4523 643 4576 militiam
658 4523 738 4592 deiQ
807 4523 948 4580 debeamus
961 4541 1010 4580 oro.
1024 4525 1050 4578 R
