3084 5442
213 605 279 672 582
609 599 760 656 Caecilii
784 597 952 668 Cypriani

211 757 330 822 litteris
350 757 466 822 nostris
480 755 593 838 quibus
608 773 665 838 ego
681 755 713 818 et
727 755 864 838 collegae
880 755 942 818 mei
958 755 1012 836 qui
1027 757 1200 836 praesentes
1216 755 1337 818 aderant

213 859 377 924 referimus
394 859 434 924 ad
448 875 503 922 uos
519 857 695 924 celerinum
716 859 847 924 fratrem
871 859 1013 922 nostrum
1035 857 1205 920 uirtutibus
1225 857 1335 938 pariter

213 961 245 1024 et
258 961 399 1025 moribus
418 959 590 1044 gloriosum
610 963 691 1026 clero
705 961 809 1026 nostro
831 977 891 1024 non
905 957 1043 1024 humana
1059 959 1271 1044 suffragatione
1285 961 1334 1024 sed

213 1063 322 1128 diuina
349 1063 529 1148 dignatione
558 1063 767 1130 coniunctum.
797 1061 851 1142 qui
877 1081 949 1124 oum
974 1063 1146 1126 consentire
1174 1061 1332 1142 dubitaret,

213 1165 360 1230 ecclesiae
378 1165 477 1248 ipsius
496 1167 660 1232 admonitu
674 1169 707 1230 et
720 1165 845 1232 hortatu
865 1165 899 1228 in
913 1165 1032 1232 uisionc
1051 1185 1106 1248 per
1126 1167 1244 1230 noctem
1266 1183 1352 1234 con-s

212 1269 322 1348 pulsus
338 1271 385 1334 est
399 1289 437 1334 ne
452 1271 590 1352 negaret.
604 1269 695 1334 nobis
709 1269 914 1334 suadentibus
930 1269 979 1332 cui
994 1269 1064 1352 plus
1080 1269 1169 1334 licuit
1186 1271 1216 1332 et
1228 1271 1331 1354 coegit,

213 1371 287 1452 qnia
312 1391 369 1436 uec
391 1373 440 1436 fas
462 1372 565 1436 fnemt
587 1378 644 1436 nac
665 1373 794 1436 decebat
816 1373 881 1434 sine
906 1371 1019 1436 honore
1046 1371 1247 1436 ecclesiastico
1272 1391 1331 1436 esse

213 1493 306 1556 quem
321 1475 366 1538 sic
378 1475 533 1538 Dominus
546 1475 713 1538 honorauit
727 1475 869 1538 caelestis
884 1473 1001 1556 gloriae
1016 1473 1177 1556 dignitate.

181 1591 203 1652 2
255 1577 317 1641 Hic
342 1577 383 1642 ad
407 1577 555 1658 temporis
580 1577 680 1642 nostri
704 1577 857 1658 proelium
883 1577 1014 1658 primus,
1044 1577 1095 1640 hio
1119 1577 1199 1640 inter
1225 1575 1331 1642 Christi

213 1677 332 1742 milites
346 1679 577 1762 antesignanus,
596 1679 650 1742 hic
664 1667 746 1742 inter
759 1679 980 1760 persecutionis
996 1679 1088 1742 initia
1098 1677 1252 1744 feruentia
1267 1697 1330 1744 oum
1342 1707 1365 1744 n

213 1779 280 1862 ipso
308 1781 527 1846 infestationis
548 1781 687 1862 principe
717 1783 749 1846 et
778 1781 901 1844 auctore
931 1799 1121 1862 congressus,
1152 1781 1224 1844 dum
1253 1781 1331 1844 iner-

213 1885 377 1968 pugnabili
396 1883 545 1948 firmitate
567 1885 743 1950 certaminis
764 1883 812 1948 sui
834 1883 1045 1950 aduersarium
1068 1871 1173 1962 uincit,
1198 1883 1331 1946 uincendi

214 1988 326 2052 ceteris
340 1987 427 2052 uiam
442 1986 527 2066 fecit,
548 2005 608 2053 non
622 1987 712 2052 breui
726 1985 894 2066 conpendio
909 1987 1076 2050 uulnerum
1091 1985 1199 2064 uictor,
1216 1985 1266 2050 sed
1281 1987 1331 2050 ad-

213 2087 413 2150 haerentibus
438 2087 491 2151 diu
516 2089 547 2150 et
567 2087 821 2168 permanentibus
846 2087 951 2168 paenis
972 2087 1083 2168 longae
1106 2087 1331 2154 conluctationis

213 2189 362 2254 miraculo
382 2189 600 2270 triumphator.
626 2207 680 2270 per
702 2189 809 2252 decem
829 2207 941 2252 nouem
961 2187 1034 2252 dies
1049 2189 1188 2254 custodia
1209 2191 1330 2256 carceris
1340 2217 1364 2256 a

213 2295 338 2376 saeptus
362 2291 396 2356 in
417 2309 512 2356 uerno
534 2311 571 2356 ac
592 2291 770 2355 ferrofirit.
801 2291 854 2354 sed
880 2291 979 2372 posito
1001 2291 1034 2354 in
1058 2291 1190 2356 uinculis
1215 2311 1331 2374 corpore

214 2397 335 2462 solutus
348 2415 383 2462 ac
398 2395 478 2460 liber
498 2395 626 2476 spiritus
646 2395 773 2460 mansit.
799 2411 866 2458 caro
887 2393 980 2458 famis
996 2387 1115 2460 assitis
1136 2395 1331 2462 diuturnitate

214 2501 383 2578 contabuit,
399 2501 454 2564 sed
465 2501 603 2564 animam
614 2498 675 2564 fide
687 2501 719 2564 et
728 2497 846 2562 uirtute
861 2497 1021 2562 uiuentem
1035 2499 1230 2564 nutrimentis
1246 2499 1331 2580 spiri-

213 2603 332 2668 talibus
351 2603 437 2668 Deus
458 2603 556 2684 pauit.
583 2603 681 2666 iacuit
703 2603 782 2666 'uter
802 2619 916 2696 paenas
937 2603 1042 2684 paenis
1067 2603 1130 2668 suis
1150 2601 1264 2680 fortior,
1285 2603 1331 2666 in-

214 2707 319 2774 clusus
333 2693 564 2774 includentibus
579 2709 686 2788 maior,
701 2711 803 2774 iacens
819 2701 974 2774 stantibus
990 2707 1109 2786 celsior,
1131 2707 1328 2774 uincientibus
1337 2729 1363 2768 ro

213 2809 332 2874 firmior
354 2811 488 2889 uinctus,
520 2813 683 2876 sublimior
708 2811 917 2876 iudicantibus
943 2811 1106 2888 iudicatae,
1138 2813 1168 2874 et
1194 2811 1329 2892 quamuis

213 2913 305 2998 ligati
326 2933 419 2978 neruo
438 2917 531 2996 pedes
552 2917 663 2994 essent,
684 2913 827 3000 galeatus
850 2933 972 2996 serpens
994 2915 1026 2978 et
1041 2913 1173 2978 obtritus
1189 2913 1218 2976 et
1234 2911 1329 2978 uictus

214 3018 271 3083 est.
294 3016 400 3084 lucent
418 3019 591 3102 incorpore
612 3019 744 3104 glorioso
760 3017 842 3084 clara
856 3019 1020 3082 uulnerum
1036 3019 1134 3102 signa,
1156 3017 1286 3082 eminent
1301 3019 1330 3082 ot

214 3125 361 3204 apparent
381 3121 414 3184 in
434 3121 539 3186 neruis
559 3123 693 3187 hominis
713 3121 917 3186 acmembris
940 3121 1031 3204 longa
1052 3121 1124 3186 tabe
1147 3121 1328 3204 consumptis

211 3241 355 3306 expressa
378 3225 522 3308 uestigia.
549 3227 622 3290 sunt
647 3245 771 3308 magna,
798 3225 869 3288 suut
896 3225 975 3290 mira
1004 3243 1081 3306 quae
1108 3223 1144 3290 de
1165 3223 1362 3288 sinnitensis

214 3327 280 3390 eius
300 3345 336 3392 ac
349 3327 494 3392 laudibus
514 3327 692 3392 iratemitas
713 3326 828 3404 audiat.
851 3329 882 3392 et
898 3327 924 3392 si
940 3327 1053 3410 aliquis
1069 3327 1202 3393 Thomas
1222 3325 1328 3392 similis

216 3431 355 3498 extiterit
374 3433 427 3512 qui
447 3433 551 3496 miuus
571 3431 697 3496 auribus
719 3431 834 3508 credat,
856 3449 911 3496 uec
932 3431 1089 3494 oculorum
1111 3431 1184 3494 fides
1201 3431 1282 3494 deest
1295 3431 1328 3494 ut

269 3655 331 3710 lut
342 3653 504 3706 consentiret
519 3651 544 3704 V
633 3651 773 3704 dubitaret
786 3665 834 3704 ocu.
851 3651 878 3704 V
970 3651 1058 3718 Gnosi
1069 3651 1179 3718 negaret
1191 3651 1331 3722 distinguit

216 3739 308 3808 LNQ,
326 3745 392 3806 post
409 3736 582 3792 suadentibus
598 3737 692 3792 crae
783 3737 797 3788 l
815 3753 863 3790 uec
881 3737 932 3806 ias]
950 3735 1064 3792 neiasO
1152 3737 1169 3790 8
1186 3737 1231 3804 qui
1248 3737 1269 3794 G

216 3809 273 3880 uli
285 3825 356 3888 om,
374 3807 437 3878 nnn
453 3823 488 3878 οἲ
587 3821 620 3874 1o
631 3823 733 3878 nune
745 3821 887 3890 centeno
964 3831 965 3834 Ν
983 3821 1171 3890 antesignanos
1188 3809 1242 3886 cie,
1261 3827 1331 3876 anse-

216 3913 340 3980 signatus
352 3909 494 3978 LNPQV
558 3909 593 3962 11
604 3907 852 3962 iufcstmatiouisit
922 3907 1119 3962 laudunensis
1133 3907 1166 3962 0¹
1234 3909 1265 3962 13
1277 3909 1330 3962 uic·

216 3997 268 4064 tor]
282 3995 531 4048 uiciniorccuicior
545 3995 568 4050 G
632 3993 804 4048 haerentibus
815 3995 842 4046 P
910 3993 943 4046 14
955 3993 1181 4062 permanentibus]
1194 3995 1329 4046 imminen-

216 4079 593 4136 tibuscacadmanentibusO
687 4079 722 4134 15
732 4077 1000 4148 triumphatorumG
1089 4079 1176 4130 decem
1189 4077 1328 4148 LNPQV‚

215 4181 336 4232 praecem
348 4168 375 4218 et
390 4165 421 4232 0,
432 4165 522 4220 decem
535 4169 563 4218 et
574 4163 619 4219 nn
696 4165 728 4218 17
741 4163 896 4218 solutosL²
973 4163 1052 4218 famis
1066 4163 1154 4218 om.P
1228 4163 1329 4216 abuin-

217 4249 383 4304 ceutibusN
463 4250 497 4302 21
509 4249 651 4304 uictusR¹
735 4235 842 4302 iudicat
855 4249 883 4310 Ο,
897 4249 1062 4302 iudicaturus
1075 4249 1157 4302 LNP
1241 4247 1330 4316 liga·

216 4333 304 4386 leatus
315 4335 351 4397 P,
371 4333 488 4388 calcatus
504 4333 652 4404 GLNQRo
745 4333 780 4388 23
792 4333 887 4400 lugent
901 4333 939 4388 Β1
1031 4333 1180 4388 uulnerat]
1269 4333 1330 4388 emi·

216 4417 455 4472 neutaLmeros.
532 4419 728 4487 24apparetR
797 4419 947 4474 neruisom.
965 4419 1014 4474 CR
1082 4417 1207 4472 membris
1218 4417 1331 4472 hominis

216 4517 248 4556 ac
264 4503 314 4560 GR
382 4504 417 4558 25
427 4521 527 4574 magna
538 4508 601 4560 suut
618 4505 640 4560 C
707 4508 770 4560 suut
784 4507 809 4558 et
823 4505 965 4568 mirabili,
980 4507 1007 4558 et
1019 4505 1086 4558 mira
1103 4505 1125 4560 Ο
