3084 5442
237 621 299 688 548
618 617 766 674 Caecilii
787 617 945 688 Cypriani

237 777 377 842 absentes
386 795 467 858 esse,
484 795 597 861 paucos
610 795 683 842 uero
698 777 833 860 66111116
848 777 986 842 6661616
1001 777 1040 842 61
1050 777 1246 842 ministerium
1260 777 1322 842 coti-

237 880 364 946 dianum
387 881 488 964 operis
507 879 658 958 'sufficere
684 899 806 946 neeesse
828 879 888 944 fuit
911 897 1003 946 nouos
1026 879 1139 962 aliquos
1159 879 1324 946 constituere

237 985 291 1066 qui
312 984 517 1050 mitterentur.
542 983 649 1050 fecisse
672 985 846 1048 meantem
868 983 972 1048 sciatis
993 983 1135 1050 lectorem
1152 981 1284 1048 Saturum
1297 985 1323 1048 et

237 1087 482 1170 hypodiaconum
495 1085 646 1166 Optatam
661 1083 872 1164 confessorem,
895 1105 969 1166 quos
983 1087 1045 1150 iam
1060 1085 1173 1166 pridem
1189 1089 1323 1148 communi

236 1189 362 1254 oonsilio
377 1187 457 1254 clero
471 1189 623 1270 proximos
634 1187 812 1272 feceramus,
829 1187 948 1270 666616
961 1189 1013 1252 661
1025 1185 1130 1254 Saturo
1142 1187 1188 1252 dic
1200 1185 1338 1254 Paschaer

239 1293 333 1356 semel
348 1293 440 1374 61666
453 1291 566 1356 iterum
581 1291 745 1356 lectionem
759 1290 901 1354 dedimus
916 1291 970 1356 661
982 1291 1070 1356 modo
1082 1289 1324 1374 compresbyteris

238 1395 413 1458 doctoribus
428 1393 555 1458 lectores
570 1393 736 1476 diligenter
748 1395 955 1476 probaremus,
973 1391 1117 1476 Optatum
1127 1395 1204 1458 inter
1214 1393 1324 1458 lectores

240 1497 397 1560 doctorum
418 1495 611 1560 audientium
626 1496 853 1574 constituimus,
875 1497 1079 1560 examinantes
1095 1515 1132 1560 66
1147 1497 1325 1578 congruerent

239 1599 304 1662 illis
324 1598 427 1662 omnia
447 1617 524 1680 6666
545 1615 610 1663 6666
630 1597 776 1662 16166661
790 1597 822 1662 16
837 1597 886 1662 his
903 1597 1006 1680 66161
1021 1599 1133 1662 clerum
1148 1599 1323 1680 parabantur.

237 1699 317 1764 nihil
339 1719 411 1784 ergo
426 1719 445 1764 a
459 1720 509 1764 me
528 1701 705 1766 absentibus
729 1701 816 1764 uobis
841 1719 953 1766 nouum
977 1699 1165 1780 factumest,
1191 1701 1239 1764 sed
1258 1699 1326 1782 6661
1335 1725 1353 1764 o

237 1805 301 1868 iam
315 1803 435 1886 pridem
450 1803 605 1867 communi
619 1803 747 1868 consilio
761 1803 899 1868 omnium
913 1805 1050 1868 nostrum
1066 1803 1199 1886 coeperat
1213 1803 1325 1868 necessi-

237 1907 304 1970 tate
327 1905 478 1988 urguente
491 1907 665 1986 promotum
681 1907 737 1972 est.
757 1907 908 1988 6616666,
925 1905 1202 1984 16616666661661661,
1223 1923 1325 1986 semper

237 2008 313 2072 bene
327 2007 431 2071 ualere
446 2007 479 2070 et
492 2009 590 2074 nostri
604 2008 790 2074 meminisse.
806 2007 1031 2074 fraternitatem
1045 2008 1180 2076 66161616.
1196 2009 1292 2074 661616.

288 2295 690 2364 labsentesMsedpriasss.
703 2293 947 2360 1.,166166166Ε66
1000 2313 1001 2316 ’
1033 2309 1175 2364 66666666
1254 2299 1328 2364 quoti·

238 2381 360 2451 1166166
435 2381 551 2450 2666616
561 2397 611 2437 om.
624 2403 647 2434 ω
724 2381 933 2450 dimitterentur]
946 2381 1131 2436 ministrante
1204 2383 1283 2436 autem
1293 2401 1327 2436 me

235 2469 418 2534 Eam3autem
428 2483 473 2521 me
483 2469 668 2538 sciatispocd
676 2485 720 2522 me
732 2467 824 2522 sciatis
837 2485 869 2522 66.
882 2471 903 2520 2
916 2467 977 2520 cdd.
1063 2469 1201 2522 satirumer
1277 2469 1327 2526 461

235 2556 357 2624 optatum
367 2555 495 2610 EMToco
591 2555 751 2624 bproximos
766 2555 798 2620 Τ,
816 2557 932 2624 proximo
944 2553 1071 2622 ΕΜομω,
1091 2571 1146 2610 cum
1160 2555 1265 2622 proxime
1279 2557 1299 2610 V

234 2641 383 2696 ddcdimns
403 2655 474 2694 corr.
494 2657 529 2694 err
545 2641 577 2694 de
588 2641 687 2696 diuinis
699 2661 720 2710 μ
730 2658 764 2694 6.
778 2643 798 2694 2
815 2643 848 2694 16
864 2657 950 2710 merc.
1046 2641 1128 2710 modo]
1151 2641 1270 2706 6666166

235 2727 410 2784 11161661166
421 2727 532 2792 Edicto,
550 2727 665 2782 doctoris
681 2727 708 2784 V
795 2727 937 2782 lectoribus
950 2727 1024 2796 Eone,
1043 2727 1192 2794 lectoremp
1274 2727 1326 2782 dili·

235 2817 327 2884 genter
340 2855 346 2865 .
357 2855 364 2865 .
375 2855 382 2868 .
395 2813 506 2868 16616666
518 2831 566 2870 om.
580 2815 681 2868 morou
762 2813 940 2884 probaremus]
958 2829 1121 2882 properemus
1136 2813 1160 2868 Τ
1208 2879 1210 2882 Ι
1231 2811 1325 2868 lectores

235 2901 472 2969 66166166662
546 2901 735 2954 8166166666
809 2901 1052 2954 constituimusos.
1065 2901 1082 2954 l.
1095 2901 1156 2954 662
1219 2915 1325 2968 congrue-

233 2989 293 3039 rent
304 3001 338 3040 666
350 2986 522 3040 constiterent
534 3004 553 3054 μ
564 2989 629 3040 662
679 2987 696 3038 d
708 2987 847 3054 esse-qui
858 3003 908 3042 om.
919 3007 938 3038 ω
990 2985 1085 3042 debent
1097 3003 1118 3052 6,
1132 2985 1260 3040 deberetur
1271 2991 1297 3054 p¹

232 3073 297 3128 1166
355 3075 402 3142 661
413 3087 447 3126 ccc
459 3087 526 3138 quae
537 3073 567 3126 Ε
574 3089 608 3126 m.
621 3075 649 3137 2,
663 3087 731 3140 quae
742 3089 779 3142 66
835 3073 1038 3142 6666166166Τ
1097 3071 1129 3126 10
1141 3087 1198 3142 ergo
1210 3071 1298 3142 nihilp

234 3161 334 3214 factum
352 3159 497 3226 6616666
594 3159 684 3212 aetum
699 3159 738 3212 M
831 3175 881 3228 quo
901 3181 921 3212 ω
1018 3159 1050 3212 12
1067 3161 1178 3228 6616...
1192 3159 1271 3212 661616
1285 3173 1325 3214 cm.

234 3247 333 3300 EMoro
402 3247 435 3300 13
446 3245 537 3308 ualete¹
551 3261 600 3300 661.
612 3267 641 3314 μ.
654 3273 685 3282 -
698 3245 950 3314 11616161601661661
968 3243 1001 3300 ad
1018 3245 1114 3300 clerum
1130 3245 1258 3300 insinuens
1269 3247 1327 3314 6661

234 3334 308 3388 ultra
322 3349 368 3409 me
381 3333 490 3386 litteras
509 3333 631 3386 mitteret
651 3333 745 3386 fecisse
763 3349 792 3386 se
808 3331 937 3402 Optatum
958 3331 1163 3402 hypodiaconum
1179 3333 1326 3386 6116616166

235 3418 360 3472 Saturum
370 3417 481 3486 explicit
494 3419 524 3484 T,
544 3417 585 3472 Ad
597 3419 697 3472 clerum
708 3417 754 3486 (ad
765 3419 864 3472 clerum
877 3435 924 3472 om.
937 3417 1128 3486 6666166666
1143 3417 1208 3486 6661
1218 3419 1327 3488 61166666

235 3505 412 3576 (6166666111)
420 3498 524 3560 Romae
530 3505 635 3559 litteras
647 3503 767 3559 misisset
779 3521 838 3560 cum
848 3507 971 3576 optatum
982 3507 1175 3576 hyppodiacouo
1187 3507 1212 3562 et
1220 3507 1326 3562 lectorem

234 3591 360 3644 Saturum
370 3591 483 3660 explicit
493 3591 563 3656 EM,
575 3591 695 3660 Explicit
706 3591 740 3646 ad
751 3591 851 3646 clerum
863 3591 1010 3660 epistolae,
1024 3607 1071 3648 om.
1086 3613 1134 3662 66.
1147 3623 1179 3634 ·-
