3084 5442
246 585 309 652 528
633 581 781 638 Caecilii
807 581 968 650 Cypriani

245 741 324 824 legis
352 741 545 808 contactibus
572 759 680 804 manus
710 759 781 806 suas
808 741 906 822 adque
933 757 984 804 ora
1006 741 1203 806 maculassent
1223 742 1268 806 uel
1286 759 1331 806 ne·

245 845 347 910 fandis
375 845 491 908 libellis
519 844 721 908 nihilominus
752 843 968 930 conscientiam
996 845 1171 926 polluissent
1196 845 1329 908 exambire

245 947 285 1012 ad
306 950 457 1034 martyras
481 947 608 1030 passim,
637 947 821 1012 confessores
844 965 961 1028 quoque
983 947 1142 1028 inportuna
1162 947 1191 1010 et
1211 947 1328 1028 gratiosa

244 1053 455 1136 deprecatione
477 1069 674 1134 conrumpere
688 1053 725 1114 ut
739 1049 803 1115 sine
819 1049 881 1114 ullo
898 1049 1073 1112 discrimine
1096 1049 1188 1130 adque
1210 1051 1329 1114 examine

244 1153 436 1238 singulorum
464 1154 609 1220 darentur
636 1153 747 1220 cotidie
769 1153 943 1218 libellorum
966 1151 1053 1216 milia
1075 1155 1175 1218 contra
1195 1151 1345 1236 euangeliis

243 1259 355 1342 legem,
376 1259 497 1324 litteras
511 1259 571 1322 feci
586 1257 697 1340 quibus
719 1257 869 1340 martyras
885 1255 917 1320 et
932 1257 1113 1322 confessores
1135 1253 1252 1318 consilio
1271 1273 1328 1320 meo

245 1363 394 1442 quantum
420 1379 539 1442 possem
561 1363 601 1426 ad
622 1361 773 1426 dominica
798 1359 956 1440 praecepio
978 1379 1155 1424 reuocarem.
1183 1359 1251 1424 item
1271 1379 1329 1442 pre·

244 1463 377 1548 sbyteris
402 1466 433 1528 et
453 1464 631 1530 diaconibus
657 1483 718 1530 non
742 1463 842 1528 defuit
869 1463 1030 1526 sacerdotii
1055 1463 1142 1546 uigor
1162 1463 1195 1526 ut
1220 1463 1329 1544 qnidam

246 1567 350 1630 minus
364 1567 542 1651 disciplinae
556 1586 705 1632 memores
721 1569 752 1632 et
765 1565 928 1630 temeraria
947 1565 1139 1632 festinatione
1158 1567 1328 1650 praecipites,

246 1670 300 1750 qui
329 1688 400 1734 cum
426 1670 521 1752 lapsis
549 1669 773 1736 communicare
801 1667 863 1732 iam
886 1669 1061 1748 coeperant,
1091 1667 1355 1750 conprimerenturo

245 1773 503 1838 intercedentibus
525 1773 620 1838 nobis.
642 1773 726 1856 plebi
744 1789 863 1856 quoque
876 1771 938 1856 ipsi
955 1771 1100 1856 quantum
1113 1771 1259 1856 potuimus
1274 1771 1330 1838 ani·

246 1895 333 1940 mum
360 1877 572 1958 conposuimus
594 1877 626 1941 et
648 1877 683 1940 ut
705 1875 909 1942 ecclesiastica
931 1875 1092 1958 disciplina
1112 1879 1272 1958 seruaretur
1289 1877 1329 1940 in·

246 1979 422 2043 struximus.

218 2084 236 2146 t
287 2081 489 2146 Postmodum
510 2101 582 2148 uero
604 2103 674 2148 cum
696 2081 821 2166 quidam
838 2081 983 2164 delapsis
1004 2081 1069 2146 siue
1090 2101 1142 2148 sua
1161 2085 1259 2166 sponte
1273 2083 1328 2148 sine

246 2184 307 2251 alio
334 2185 493 2252 incitatore
520 2187 629 2252 audaci
654 2187 845 2271 flagitatione
866 2187 1042 2268 proruerent
1063 2187 1098 2250 ut
1117 2205 1217 2270 pacem
1242 2187 1296 2252 sibi
1314 2205 1354 2252 aa

246 2289 432 2372 martyribus
447 2291 479 2354 et
493 2287 722 2354 confessoribus
734 2289 916 2372 promissam
938 2291 1112 2372 extorquere
1133 2289 1258 2354 uiolento
1278 2291 1328 2354 im·

245 2393 319 2474 patu
345 2393 524 2470 niterentur,
552 2391 590 2456 de
616 2393 673 2458 hoc
699 2393 794 2456 etiam
821 2393 869 2456 bis
892 2391 930 2456 ad
952 2393 1065 2456 clerum
1091 2391 1206 2456 litteras
1231 2393 1283 2456 foci
1303 2393 1328 2458 et

245 2496 309 2582 legi
336 2495 379 2562 eis
406 2495 558 2574 mendaci,
591 2499 626 2560 ut
653 2497 692 2560 ad
718 2497 845 2560 illorum
872 2493 1049 2560 uiolentiam
1079 2495 1198 2560 interim
1225 2513 1328 2578 qnoque

245 2619 354 2684 genere
375 2599 589 2684 mitigandam,
612 2601 706 2683 siqui
727 2599 833 2664 libelle
849 2599 1067 2684 amartyribus
1090 2603 1205 2680 accepto
1224 2601 1257 2664 de
1272 2617 1327 2664 sae·

246 2703 314 2768 culo
341 2703 525 2782 excederent,
554 2703 753 2786 exomologesi
776 2701 857 2766 iacta
880 2705 911 2768 et
931 2723 1025 2768 manu
1044 2701 1088 2768 eis
1108 2703 1140 2766 in
1159 2703 1328 2784 paenitentia
1336 2723 1354 2762 a

244 2807 377 2890 inposita
404 2825 572 2888 cumpace
600 2807 660 2870 sibi
686 2825 704 2870 a
729 2805 916 2888 martyribus
944 2807 1093 2888 promissa
1120 2807 1158 2870 ad
1179 2805 1328 2872 Dominum

245 2911 482 2976 remitterentur.
504 2929 559 2974 nec
573 2910 607 2974 in
619 2909 677 2974 hoc
696 2910 798 2994 legem
821 2909 891 2972 dedi
913 2909 967 2972 aut
988 2927 1036 2972 me
1050 2895 1207 2974 11111111
1226 2911 1326 2974 temere

246 3015 400 3080 constitui.
424 3016 477 3080 sed
498 3035 568 3080 cum
591 3015 746 3080 uideretur
766 3013 798 3078 et
819 3011 913 3078 honor
934 3011 1118 3096 martyribus
1139 3011 1283 3076 habendus
1300 3013 1326 3076 et

245 3136 349 3182 eorum
370 3119 423 3200 qui
444 3119 546 3182 omnia
565 3117 689 3182 turbare
711 3115 873 3200 cupiebant
895 3115 1027 3196 impetus
1049 3115 1275 3196 conprimendos,
1300 3117 1327 3180 et

243 3223 400 3304 praeterea
420 3223 523 3286 uestra
544 3221 658 3302 scripta
677 3219 822 3304 legissem
845 3237 920 3300 qnae
941 3219 978 3282 ad
1000 3217 1111 3284 elerum
1132 3219 1262 3282 nostrum
1281 3233 1352 3298 pera

245 3323 449 3391 crementium
470 3311 712 3408 hypodiaconum
732 3341 827 3406 nuper
846 3323 995 3402 feceratis,
1019 3323 1114 3388 uthis
1129 3323 1326 3406 quipostlap-

244 3449 313 3492 sum
340 3429 532 3492 infirmitate
546 3427 726 3510 adprehensi
752 3425 852 3490 essent
877 3427 908 3490 et
928 3425 1114 3508 paenitentes
1141 3425 1326 3490 communica-

242 3529 359 3594 tionem
372 3527 575 3594 desiderarent
589 3527 811 3604 snbueniretur,
835 3527 978 3592 standum
992 3519 1099 3608 putaui
1113 3527 1143 3590 et
1157 3545 1222 3592 cum
1236 3527 1326 3592 uestra

290 3731 608 3787 inihil‘hominibusN
670 3734 834 3800 amartyres
847 3731 918 3788 LNa
985 3731 1094 3800 passim]
1111 3733 1141 3786 ut
1156 3731 1299 3800 possentV

237 3817 400 3884 (imartyres
417 3818 464 3872 No
547 3821 656 3890 iposse
672 3819 701 3872 L
778 3833 899 3872 reuocare
916 3819 952 3872 M
970 3819 1124 3886 (resecarem
1146 3817 1176 3890 Q)
1256 3819 1323 3872 8sa·

236 3901 312 3956 cerdo
328 3901 356 3954 L
429 3905 464 3956 10
479 3905 611 3972 coeperint
627 3905 656 3960 L
722 3906 755 3958 11
774 3905 881 3974 quantis
898 3905 929 3960 F
992 3905 1092 3960 animos
1112 3905 1151 3962 Vc
1215 3905 1245 3960 12
1261 3923 1322 3960 cnm·

233 3987 370 4058 posuimus
387 3989 426 4040 M
438 3990 521 4058 (corp.
544 3991 577 4058 Q)
665 3993 698 4046 15
715 3993 769 4046 alio
785 3991 820 4058 F,
839 3991 926 4062 aliquo
943 3991 1042 4062 LNQc
1120 3993 1223 4046 andacia
1238 3993 1267 4046 F

234 4073 371 4142 {lagitione
387 4073 422 4128 N
511 4077 662 4144 proruerint
677 4079 713 4148 F,
729 4072 928 4148 prorumperent
951 4077 990 4132 Va
1085 4095 1220 4134 aeacum
1237 4079 1268 4136 N

232 4157 981 4234 161111111111111111111111)1811111111
1076 4167 1109 4220 10
1132 4165 1319 4254 exhomologesis

228 4243 340 4312 FLNQ
427 4249 563 4302 manasei
581 4249 614 4304 F
697 4253 923 4322 paenitentiamc
1008 4253 1040 4308 21
1058 4253 1091 4308 acl
1107 4235 1173 4308 dno
1174 4253 1318 4326 Lucci

226 4353 290 4408 dnm
306 4349 353 4414 Μ)
449 4344 484 4400 24
500 4341 713 4412 conprImcndum
728 4341 761 4398 F
851 4341 887 4396 11
904 4355 969 4410 qnae
985 4341 1021 4406 F,
1039 4355 1103 4410 qnae
1122 4341 1168 4394 hoc
1185 4341 1244 4406 LN,
1261 4357 1318 4412 quac

225 4433 319 4504 hesQ,
336 4451 404 4502 quae
418 4433 504 4488 buco
579 4429 614 4484 26
631 4427 836 4488 clementinmc
898 4427 1043 4496 his]''1rso
1118 4427 1157 4484 28
1168 4427 1318 4484 subueniret·

225 4527 272 4575 tur
288 4519 316 4574 L
