3084 5442
529 571 1052 640 npisruranxxv1111.-nxxx.
1282 575 1343 642 839

235 725 397 792 fossionem
416 727 551 793 nestram
572 729 603 792 ct
622 730 759 794 nostram
781 745 874 808 quem
888 727 1036 792 Dominus
1052 727 1083 790 in
1098 727 1186 792 nobis
1207 727 1341 792 conferre

237 831 382 914 dignatus
406 833 455 900 est
479 831 629 912 suppleat.
655 833 757 896 saluta
781 847 885 894 omnes
906 829 959 912 qui
980 829 1081 894 tecum
1108 831 1340 894 commorantur.

235 935 377 1016 optamus
400 935 442 1012 to,
471 933 568 998 frater
592 933 758 1010 carissime,
787 931 820 996 iu
846 931 977 1002 Domino
1003 931 1077 996 benc
1103 931 1211 996 ualere.
1242 933 1342 1014 [Felix

235 1037 368 1118 scripsi]
388 1037 477 1100 Iader
497 1035 671 1116 subscripsi.
687 1035 833 1100 Polianus
848 1035 919 1116 legi.
934 1033 1110 1096 'Dominum
1125 1053 1229 1100 meum
1244 1037 1343 1118 Euty·

212 1137 380 1202 sabianum
393 1139 503 1202 saluto.

473 1423 839 1536 EPISTVLA
882 1423 1097 1538 LXXX.

501 1629 700 1684 CYPRIANVS
717 1627 885 1684 SVOCESSO
902 1627 1032 1682 FRATRI
1050 1629 1074 1682 S.

273 1801 318 1868 Vt
330 1822 391 1868 non
405 1803 493 1868 uobis
507 1801 539 1866 in
554 1803 722 1868 continenti
737 1801 908 1884 scriberem,
926 1801 1019 1866 frater
1035 1801 1198 1886 carissime,
1219 1801 1274 1866 illa
1288 1817 1336 1866 res
1352 1803 1364 1862 l

231 1905 305 1970 fecit
329 1905 409 1986 qnod
434 1905 569 1970 uniuersi
594 1905 706 1991 clerici
720 1903 776 1969 sub
800 1903 864 1968 ictu
888 1903 993 1986 agonis
1017 1905 1176 1970 constituti
1198 1903 1334 1970 recedere

201 2036 227 2076 ro
234 2007 326 2072 istinc
339 2007 460 2072 omnino
474 2025 533 2072 nou
548 2009 697 2090 poterant,
712 2005 813 2088 parati
829 2023 931 2072 omncs
945 2025 998 2090 pro
1009 2007 1105 2072 animi
1117 2009 1163 2072 sui
1176 2009 1333 2072 deuotione

228 2109 267 2174 ad
281 2109 419 2174 diuinam
433 2113 464 2174 ct
478 2109 641 2174 caelestem
654 2111 795 2192 gloriam.
823 2109 927 2174 sciatis
943 2111 1046 2174 autem
1062 2129 1110 2174 cos
1126 2111 1244 2176 uenisse
1259 2129 1332 2192 quos

229 2213 269 2276 acl
290 2213 395 2276 urbem
422 2213 545 2295 propter
569 2213 628 2276 hoc
648 2213 802 2296 miseram,
828 2213 865 2276 ut
886 2213 1164 2294 quomodocumque
1186 2213 1222 2276 de
1247 2213 1333 2278 nobis

228 2315 409 2396 rescriptum
441 2313 561 2394 fuisset,
597 2315 785 2396 exploratam
815 2315 978 2380 ueritatem
1006 2315 1045 2378 ad
1074 2333 1127 2380 nos
1156 2315 1330 2396 perferrent.

227 2417 326 2482 multa
339 2418 422 2482 enim
436 2417 528 2483 uaria
537 2419 569 2484 et
582 2419 700 2482 incerta
714 2417 906 2502 opinionibus
922 2417 1119 2482 uentilautur.
1141 2437 1216 2500 quae
1232 2421 1333 2482 cubem

195 2546 219 2584 ar
231 2519 302 2584 sunt
321 2519 354 2582 in
374 2538 445 2584 uero
463 2520 509 2584 ita
523 2539 556 2586 se
569 2519 692 2599 hebent,
711 2521 901 2600 rescripsisse
916 2519 1113 2584 Valerianum
1133 2521 1172 2584 ad
1193 2523 1332 2586 senatum

232 2623 267 2686 ut
280 2623 411 2706 episcopi
426 2625 457 2688 et
471 2623 643 2708 presbyteri
657 2627 689 2688 et
702 2625 842 2690 diacones
858 2625 890 2686 in
904 2623 1069 2688 continenti
1084 2623 1332 2688 animaduerten-

231 2727 291 2804 tur,
317 2729 470 2802 senatores
490 2745 562 2792 uero
582 2729 614 2792 et
634 2729 749 2810 egregii
770 2727 832 2790 uiri
853 2729 883 2790 et
904 2727 1018 2808 equites
1033 2725 1163 2790 Romani
1185 2725 1333 2810 dignitate

230 2829 342 2894 amissa
365 2829 458 2894 etiam
480 2829 568 2894 bonis
588 2831 758 2912 spolientur
771 2831 803 2894 et
818 2829 845 2892 si
860 2827 1009 2910 ademptis
1030 2827 1231 2894 facultatibus
1251 2827 1330 2894 chri·

283 3033 525 3086 luestramatom.
539 3053 557 3086 ν
697 3035 854 3086 atnostram
866 3047 914 3086 oro.
930 3035 960 3100 μ1
1101 3033 1304 3086 imorauturB

230 3119 364 3188 tloptoB
514 3119 599 3172 irater
611 3119 752 3188 carissime]
765 3107 796 3170 st
805 3119 853 3172 B·
983 3119 1010 3170 in
1022 3119 1069 3170 deo
1081 3137 1126 3186 μν,
1139 3135 1187 3172 cra.
1201 3119 1235 3182 Β,
1249 3119 1277 3170 in
1290 3117 1336 3174 deo

232 3221 362 3277 sempera
483 3203 548 3258 felix
559 3205 653 3272 scripsi
664 3221 713 3258 om.
726 3205 875 3274 ΒΗΤβμν,
886 3203 948 3258 cdd.
966 3203 1050 3258 Ocea.
1178 3203 1196 3256 4
1207 3203 1279 3258 iader
1293 3243 1331 3258 ...

231 3291 319 3344 saluto
330 3307 381 3344 ora
394 3289 457 3362 Boe
591 3289 724 3358 pellianus
737 3311 757 3360 p
887 3289 1070 3356 euthycianum
1083 3309 1110 3356 μ,
1123 3287 1266 3356 uthyciano
1282 3289 1307 3342 T

229 3377 374 3430 bsalutem
387 3377 417 3432 T.
429 3407 464 3416 -
474 3375 606 3446 Cypriane
618 3377 693 3429 Felix
702 3377 780 3429 Iader
791 3375 919 3430 Poliauus
937 3375 1046 3444 explicit
1058 3377 1088 3440 T,
1106 3375 1227 3444 Epistola
1240 3375 1335 3428 Felicis

232 3465 340 3532 explicit
352 3464 386 3528 B,
399 3479 448 3516 cm.
459 3463 554 3534 Ηβμν.
568 3493 602 3502 -

282 3549 367 3618 apsa
384 3547 488 3602 nm.
506 3579 537 3590 -
555 3549 654 3616 respo
674 3551 736 3618 (em.
748 3549 790 3616 Η)
811 3549 926 3618 epistula
946 3549 1019 3602 occu
1040 3531 1138 3618 (εἶθ)
1157 3547 1282 3618 Cypriani
1302 3547 1336 3602 eu

232 3635 385 3690 Successum
405 3635 467 3698 GH,
493 3635 593 3704 Incipit
613 3635 749 3704 (Cypriani
768 3635 832 3688 cdd.
855 3651 889 3690 m,
907 3637 936 3704 2)
957 3635 1068 3704 epistola
1089 3635 1122 3688 ad
1140 3635 1335 3698 SuccessumT,

232 3723 331 3790 Incipit
342 3724 401 3790 (orn.
414 3719 490 3790 maci
501 3723 653 3776 successum
668 3725 733 3792 Wpr.
744 3751 778 3762 -
790 3721 807 3774 8
820 3721 932 3774 scribere
947 3721 972 3772 T
1059 3721 1150 3776 toleri
1165 3721 1190 3776 T
1266 3709 1336 3788 ictu]

233 3808 285 3860 iciu
300 3809 326 3862 T
467 3808 501 3860 10
511 3807 602 3876 istinc]
615 3807 678 3860 hinc
693 3807 718 3860 (ι’
865 3805 946 3860 animi
958 3805 999 3858 sui
1010 3805 1148 3860 deuotione
1161 3805 1193 3860 ad
1205 3805 1335 3874 diuinam]

234 3893 392 3946 animatione
403 3893 495 3946 diuina
505 3893 604 3948 HTW
725 3893 758 3946 11
770 3893 866 3946 celeste
880 3893 924 3956 W,
936 3893 1043 3946 caelesti
1054 3891 1088 3944 H
1203 3893 1287 3962 gloria
1299 3893 1337 3956 Η,

233 3995 326 4034 corona
342 3981 383 4045 W,
396 3995 518 4034 coronam
534 3981 561 4034 T
691 3981 744 4050 eos]
756 3993 828 4032 meos
844 3981 869 4032 Τ
1000 3977 1033 4032 12
1045 3977 1276 4048 quomodoquoque
1292 3979 1334 4046 W,

233 4067 341 4136 quode
434 4066 521 4136 nobis]
533 4067 576 4118 his
591 4067 617 4120 Τ
715 4067 748 4118 13
759 4063 905 4132 fuissentp
955 4131 956 4134 Ἴ
1001 4065 1134 4134 explorata
1150 4065 1175 4120 G
1269 4065 1337 4118 uem-

232 4153 290 4228 tatc
306 4151 339 4215 G,
361 4151 413 4206 sibi
429 4151 571 4208 ueritatem
588 4169 626 4222 μυ
776 4135 904 4218 referrent
916 4171 943 4220 μ,
963 4151 1071 4204 referret
1087 4151 1131 4220 W,
1151 4151 1264 4220 referent
1281 4151 1305 4208 G

232 4239 266 4292 14
276 4239 447 4292 nentulantur
461 4241 487 4294 T
568 4237 602 4292 15
612 4239 698 4308 sintp
777 4235 819 4308 ed]
832 4237 866 4292 ob
883 4237 907 4292 G
988 4239 1020 4292 16
1033 4241 1072 4308 ut]
1085 4241 1113 4294 et
1128 4241 1166 4296 W
1243 4241 1270 4294 ct
1282 4241 1337 4294 dia·

232 4325 290 4378 coni
306 4325 338 4390 (i,
350 4341 398 4378 om.
414 4325 479 4380 Tin
489 4341 543 4380 ras.
636 4323 800 4380 continentia
814 4325 884 4390 TW,
901 4325 1091 4380 continentiam
1108 4325 1132 4382 G
1222 4325 1337 4382 animad-

231 4411 398 4466 uerterentur
411 4411 442 4474 Τ,
453 4411 523 4466 enim
534 4411 708 4468 mucmantm
722 4409 761 4466 W
880 4411 912 4464 17
925 4427 986 4466 uero
998 4413 1025 4464 et
1037 4427 1085 4466 om.
1099 4433 1118 4482 μ
1237 4415 1290 4468 uiri
1301 4415 1337 4484 et]

232 4494 285 4548 uiri
300 4487 385 4550 Ocrea
486 4497 520 4550 18
530 4495 678 4566 spoliantur
691 4498 762 4561 TW,
775 4495 938 4564 expoliantur
955 4497 980 4552 G
1080 4499 1175 4554 christi
1187 4505 1220 4570 μι
