3084 5442
521 613 698 684 Epistulae
716 615 837 670 LXIII.
856 635 879 672 c.
895 619 974 670 4-7.
1240 616 1302 682 705

240 773 273 836 16
294 773 499 836 benedictione
527 773 762 852 quoqueludae
784 773 840 836 hoc
862 773 946 836 idem
968 773 1170 856 significatur,
1198 769 1254 836 ubi
1275 769 1335 838 666

206 879 263 945 illic
284 867 394 940 Christi
421 875 520 960 figura
548 875 744 956 exprimitur,
773 875 854 956 quod
880 895 900 940 a
921 875 1069 942 fratribus
1096 873 1161 940 suis
1186 871 1308 938 laudari

209 985 235 1048 et
255 979 365 1044 adorari
386 977 527 1056 haberet,
557 977 638 1058 quod
666 977 864 1042 inimicorum
890 977 981 1042 dorsa
1005 979 1182 1044 cedentium
1210 975 1309 1058 adque

212 1081 382 1168 fugientium
409 1081 551 1146 manibus
574 1079 686 1160 quibus
708 1099 830 1146 crucem
856 1081 987 1164 pertulit
1013 1085 1046 1147 et
1072 1083 1205 1146 mortem
1232 1079 1311 1142 uicit

197 1203 410 1266 acouprassurus
442 1185 552 1250 diisset
586 1183 726 1266 quodque
758 1185 824 1268 ipse
851 1185 892 1248 sit
923 1185 970 1248 leo
998 1185 1146 1250 detribu
1173 1183 1252 1250 luda
1280 1183 1312 1248 et

217 1285 329 1352 recubet
355 1287 507 1352 dormiens
534 1285 567 1354 in
596 1287 743 1368 passione
759 1291 791 1352 et
812 1289 921 1370 surgat
943 1289 975 1352 et
996 1289 1038 1352 sit
1060 1289 1125 1370 ipse
1146 1307 1215 1370 spes
1238 1307 1314 1372 gen·

218 1393 296 1458 tium.
319 1391 426 1472 quibus
448 1389 601 1472 scriptura
625 1387 730 1454 diuina
751 1390 894 1478 adiungIt
916 1391 948 1456 et
969 1391 1063 1458 dicit:
1090 1391 1248 1458 lauabit
1276 1391 1315 1454 iu

217 1497 293 1560 uiuo
325 1495 462 1560 stolam
495 1513 599 1560 suam
634 1499 671 1560 et
706 1495 745 1560 iu
782 1497 973 1580 sanguiue
1006 1515 1104 1562 uuae
1134 1497 1317 1562 amictum

217 1619 322 1666 suum.
354 1597 470 1682 quando
493 1601 599 1664 autem
621 1601 747 1684 sanguis
768 1619 848 1664 uuae
869 1601 993 1679 dicitur,
1022 1601 1098 1682 quid
1118 1599 1203 1666 aliud
1225 1619 1318 1684 quam

194 1703 316 1770 cuicum
330 1701 432 1766 calicis
447 1701 593 1766 dominici
610 1703 734 1790 sanguis
749 1703 943 1768 ostenditur?

254 1805 312 1868 1166
325 1823 383 1868 non
397 1805 428 1894 et
444 1807 518 1886 aput
532 1805 658 1870 Esaiam
678 1807 735 1870 hoc
756 1805 839 1872 idem
860 1805 987 1886 spiritus
1002 1808 1126 1872 sanctus
1140 1805 1179 1870 de
1192 1805 1346 1874 Domini?

218 1909 342 1992 passione
370 1911 500 1972 testatur
530 1909 649 1972 dicens:
688 1929 805 1990 quare
835 1909 1051 1974 rubicunda
1082 1909 1171 1975 sunt
1201 1909 1319 1974 uesti-

222 2013 336 2076 menta
363 2013 440 2090 tua,
469 2013 506 2074 et
527 2011 754 2076 indumenta
774 2013 844 2076 tua
865 2013 978 2078 uelut
999 2013 1217 2078 calcatione
1244 2013 1319 2078 tor·

220 2115 354 2180 colaris
381 2111 484 2196 pleni
511 2115 548 2178 et
574 2115 813 2198 percalcati?
844 2117 997 2198 numquid
1024 2117 1191 2180 rubicunda
1223 2117 1320 2180 uesti-

196 2219 315 2288 smenta
333 2237 409 2300 aqua
427 2219 530 2300 potest
549 2217 647 2282 iacere
664 2219 717 2282 aut
731 2219 764 2282 in
778 2219 926 2284 torculari
940 2237 1019 2300 aqua
1033 2222 1081 2284 est
1096 2237 1173 2302 qnae
1192 2219 1322 2300 pedibus

223 2323 345 2386 calcatur
359 2321 408 2384 uel
422 2321 524 2402 praelo
539 2321 744 2404 exprimitur?
764 2323 832 2386 uini
846 2324 952 2406 utique
972 2325 1089 2388 mentio
1104 2323 1172 2388 ideo
1185 2324 1320 2406 ponitur,

223 2429 253 2490 ut
265 2425 383 2490 Domini
403 2423 527 2506 sanguis
550 2425 621 2490 uino
643 2425 843 2510 intellegatur
865 2429 897 2492 et
917 2427 999 2508 quod
1012 2427 1045 2490 in
1060 2428 1154 2492 calice
1168 2427 1321 2492 dominico

226 2531 321 2612 postea
335 2525 563 2592 manifestatum
580 2531 626 2592 est
641 2529 800 2612 prophetis
814 2531 1068 2594 adnuntiantibus
1084 2529 1320 2613 praedicaretur.

225 2631 374 2696 torcularis
393 2647 510 2710 quoque
525 2631 653 2694 calcatio
670 2633 701 2694 et
715 2651 858 2714 pressura
871 2633 1011 2696 taxatur:
1032 2633 1104 2714 quia
1118 2628 1268 2714 quomode
1283 2631 1323 2694 ad

197 2735 377 2814 sopotandum
397 2733 506 2798 uinum
526 2733 625 2796 ueniri
645 2751 704 2798 666
724 2735 826 2816 potest
838 2735 900 2798 nisi
913 2733 1041 2798 botruus
1059 2735 1193 2799 calcetur
1207 2735 1278 2798 aute
1292 2735 1324 2796 ot

226 2839 377 2922 prematur,
400 2837 443 2900 sie
463 2855 518 2900 uec
541 2853 594 2900 nos
619 2837 798 2920 sanguinem
813 2837 928 2902 Christi
949 2857 1107 2920 possemus
1127 2837 1242 2914 bibere,
1263 2835 1323 2900 nisi

318 3145 331 3196 1
351 3145 412 3198 Gen.
430 3143 472 3206 49,
492 3143 530 3196 11.
603 3143 635 3194 12
653 3141 695 3194 Es.
714 3143 755 3206 63,
772 3143 797 3194 2.

271 3419 285 3470 1
299 3415 488 3486 significabitur
501 3413 527 3466 R
647 3413 837 3482 despremitur
853 3413 876 3468 0
1003 3413 1060 3466 366
1072 3413 1176 3468 adorari
1188 3427 1239 3464 om.
1256 3413 1287 3476 V,
1301 3413 1329 3466 et

229 3503 372 3558 adhonorari
385 3501 417 3554 S²
568 3499 636 3568 quod
649 3503 677 3554 ct
689 3501 715 3554 P
871 3499 1035 3554 medentium
1048 3501 1076 3566 d,
1095 3499 1258 3554 caedentium
1273 3499 1296 3570 Q

229 3589 242 3642 6
253 3589 371 3644 recubans
386 3587 407 3656 Q
543 3587 666 3654 resurgat
681 3587 702 3656 Q
844 3587 860 3638 7
873 3586 995 3638 adiunxit
1009 3585 1032 3654 Q
1167 3585 1236 3638 dixit
1248 3585 1297 3656 SQ

229 3673 323 3728 leuauit
334 3677 369 3728 M
380 3673 493 3742 (lauabIt
507 3671 538 3742 Q)
688 3671 722 3726 10
733 3671 873 3741 sangrunis
886 3671 981 3741 QRVo
1125 3672 1259 3724 116666.
1273 3671 1297 3742 Q

232 3761 310 3814 eseian
322 3761 347 3824 S,
367 3761 459 3814 asciam
474 3759 505 3830 Q,
523 3759 619 3812 isaiam
631 3759 657 3812 R
675 3759 698 3812 is
715 3761 748 3812 ic
759 3773 814 3812 ros.
968 3757 1001 3812 13
1013 3773 1029 3810 a
1041 3759 1186 3813 calcatione
1198 3755 1299 3814 Loca

232 3847 260 3900 11
271 3851 296 3900 66
307 3845 377 3914 pleni
389 3847 454 3902 etP
565 3845 740 3898 rubicundum
753 3845 788 3898 8¹
902 3845 936 3900 15
947 3861 1029 3914 aquas
1046 3845 1068 3900 0
1174 3843 1203 3896 in
1214 3859 1263 3898 om.
1278 3846 1302 3901 S

232 3917 338 3998 666668
460 3931 535 4000 quae]
550 3945 632 3998 aquae
646 3931 668 3984 S
799 3931 831 3984 16
844 3929 979 3984 calcantur
991 3929 1014 3984 S
1138 3929 1191 3998 uel]
1204 3933 1233 3982 66
1244 3933 1300 3986 LP

233 4017 314 4082 praelo
325 4033 371 4070 om.
385 4017 412 4070 P
547 4015 606 4070 ideo
624 4015 755 4086 OQRBV,
773 4019 815 4070 est
826 4019 854 4070 et
865 4013 924 4070 ideo
934 4015 989 4070 LP
1123 4016 1262 4084 exponitur
1276 4019 1300 4090 Q

233 4103 388 4156 11616666.
401 4121 417 4156 c
508 4105 535 4156 66
547 4103 636 4158 aaa
729 4103 761 4156 18
772 4101 958 4170 manifestttum
970 4103 994 4156 S
1078 4103 1272 4172 praediceretur
1284 4123 1301 4160 o

234 4189 263 4240 19
274 4189 315 4256 ad]
328 4187 434 4242 calcatio
448 4187 532 4242 6611]ι
639 4187 674 4242 20
685 4191 833 4256 putandum
845 4187 875 4251 S,
886 4187 1032 4256 optandum
1048 4189 1070 4260 Q
1171 4191 1263 4244 uenire
1279 4193 1302 4262 Q

232 4271 332 4328 botruus
344 4273 398 4338 SL,
419 4273 528 4328 bsotuus
546 4273 568 4344 Q
585 4275 608 4344 (r
628 4277 716 4342 orca),
739 4277 844 4330 bactrus
856 4275 892 4328 M
908 4277 933 4344 (r
949 4277 1039 4346 orca),
1059 4277 1153 4332 botrus
1173 4277 1267 4336 OPRo

234 4361 335 4412 calcetur
352 4377 418 4414 corr.
432 4361 464 4414 iu
481 4361 551 4414 calce
568 4359 795 4416 feriatuer.2
929 4365 962 4418 21
975 4363 1140 4432 sanguinali
1276 4383 1335 4436 pos-

235 4443 308 4498 simus
325 4443 353 4514 Q,
364 4461 500 4514 possumus
513 4445 539 4500 P
642 4447 747 4502 ebibere
764 4448 823 4518 QR,
835 4451 864 4502 et
875 4449 965 4504 bibere
980 4451 1002 4504 0

325 4551 373 4596 111.
1090 4541 1133 4604 45
