3084 5442
538 619 719 688 Epistulae
735 617 854 673 LXXV.
875 635 895 670 c.
916 619 989 672 1-3.
1258 619 1317 684 811

201 777 293 840 simul
320 775 473 851 innocent,
501 775 555 838 sed
579 775 728 856 separatis
752 774 785 835 et
810 771 917 836 diuisis
945 771 981 836 ab
1007 773 1140 836 inuicem
1167 791 1221 836 nec
1248 791 1320 836 con-

200 879 348 944 fabulatio
373 879 438 942 iam
461 877 560 960 possit
583 895 649 940 esse
672 879 727 940 aut
751 893 849 940 sermo
872 875 1052 938 communis.
1079 875 1139 940 nisi
1162 875 1242 956 quod
1265 893 1319 938 nos

199 981 332 1064 gratiam
353 979 466 1044 referre
481 977 636 1060 Stephano
651 979 683 1041 in
699 980 759 1042 isto
782 973 953 1058 possumne,
977 979 1058 1058 quod
1082 997 1135 1058 per
1156 977 1245 1042 illius
1270 981 1318 1042 in-

199 1083 424 1146 humanitatem
450 1101 532 1146 nunu
558 1081 702 1146 effectum
728 1081 770 1144 sit
796 1081 830 1142 ut
856 1079 927 1144 fidei
954 1081 983 1144 et
1007 1081 1173 1162 sapientiae
1200 1083 1319 1146 uestrae

179 1185 440 1266 serperimentuun
457 1203 643 1264 caperemus.
661 1185 713 1248 sed
726 1200 786 1248 non
799 1183 880 1246 enim
893 1183 918 1248 si
931 1201 983 1246 nos
996 1187 1118 1264 propter
1129 1185 1319 1266 Stephanum

198 1289 276 1350 hauc
300 1285 440 1350 beneficii
467 1287 602 1368 gratiam
628 1289 773 1366 capimur,
802 1285 910 1348 statim
925 1283 1097 1366 Stephanus
1120 1287 1265 1350 beneficio
1288 1289 1319 1348 et

198 1389 299 1470 gratia
319 1389 413 1470 digna
428 1389 593 1452 commisit.
616 1409 714 1471 neque
735 1389 818 1452 enim
835 1389 863 1450 et
880 1389 971 1452 ludas
988 1389 1115 1468 perfidia
1132 1409 1187 1452 sua
1202 1391 1232 1452 et
1247 1407 1317 1470 pro-

200 1491 315 1554 ditione
330 1509 407 1570 quae
422 1491 568 1554 scelerate
584 1491 664 1554 circa
679 1493 864 1556 saluatorem
881 1493 1021 1572 operatus
1033 1493 1079 1554 est
1092 1491 1202 1572 dignus
1219 1491 1319 1554 uideri

199 1593 298 1672 potest
321 1593 409 1672 qnasi
429 1611 554 1656 causam
575 1593 724 1658 bonorum
738 1595 896 1656 tantorum
910 1593 974 1672 ipse
989 1591 1189 1674 praestiterit,
1215 1595 1250 1656 ut
1265 1613 1319 1672 per

167 1725 191 1762 ιο
200 1693 289 1754 illum
311 1695 445 1756 mimdus
462 1697 494 1758 et
510 1695 652 1778 gentium
672 1695 804 1776 populus
828 1695 965 1774 passione
980 1695 1105 1758 Domini
1128 1695 1318 1758 liberaretur.

240 1795 299 1860 Sed
321 1795 395 1860 haec
413 1797 541 1860 interim
563 1817 642 1878 quae
655 1799 693 1861 ab
710 1795 860 1878 Stephano
883 1797 970 1880 gesta
992 1797 1063 1860 sunt
1080 1797 1347 1876 praetereantur,3

199 1917 235 1962 ne
256 1901 330 1963 dum
353 1901 498 1964 audaciae
513 1901 545 1964 et
559 1901 741 1964 insolentiae
759 1899 825 1962 eius
843 1901 1049 1974 meminimus,
1073 1899 1109 1962 de
1126 1901 1214 1964 rebus
1231 1901 1268 1964 ab
1285 1919 1319 1964 eo

199 2003 336 2082 improbe
357 2003 455 2084 gestis
476 2003 647 2084 longiorem
668 2003 858 2068 maestitiam
874 2003 962 2066 nohis
977 2001 1155 2066 inferamus.
1179 2003 1215 2064 de
1231 2001 1319 2066 uobis

201 2103 304 2168 autern
324 2105 539 2186 cognoscentes
555 2105 636 2186 quod
651 2105 820 2168 secundum
836 2103 975 2186 regulam
991 2103 1134 2168 ueritatis
1151 2105 1182 2168 et
1198 2105 1319 2184 sapien-

168 2237 191 2274 15
201 2207 278 2270 tiam
288 2205 401 2270 Christi
417 2207 474 2270 hoc
486 2207 524 2270 de
536 2225 596 2288 quo
611 2227 692 2272 nunc
707 2207 863 2288 quaeritur
880 2207 1101 2288 disposueritis,
1120 2225 1190 2270 curm
1205 2225 1320 2288 magne

199 2309 319 2372 laetitia
344 2309 553 2374 exultauim'us
579 2310 609 2372 et
624 2309 689 2372 Deo
714 2309 832 2392 gratias
857 2309 987 2392 egimus,
1015 2311 1067 2390 qui
1090 2309 1264 2374 inuenimus
1287 2311 1319 2372 iu

200 2411 348 2475 fratribus
373 2413 439 2474 tam
462 2411 554 2496 longe
576 2411 685 2492 positis
706 2411 827 2474 tantam
848 2411 1008 2476 uobiscum
1031 2411 1102 2474 fidei
1127 2413 1157 2474 et
1178 2411 1321 2476 ueritatis

201 2515 445 2579 unanimitatem.
462 2517 571 2594 potens
586 2517 634 2577 est
649 2513 731 2576 enim
747 2513 849 2596 gratia
862 2513 918 2576 Dei
936 2513 1078 2594 copulare
1094 2515 1124 2576 et
1137 2515 1319 2596 coniungere

201 2617 340 2680 caritatis
361 2617 455 2698 atque
475 2617 607 2680 unitatis
627 2615 752 2680 uinculo
771 2615 865 2678 etiam
881 2633 914 2680 ea
931 2635 1007 2696 quiae
1023 2615 1166 2680 uidentur
1182 2617 1319 2698 longiore

170 2721 354 2786 aeternarum
376 2719 476 2802 spatio
499 2739 566 2784 esse
588 2719 698 2796 diuisa,
722 2719 889 2782 secundum
912 2717 992 2798 qued
1009 2719 1038 2780 et
1054 2719 1129 2782 olirn
1154 2718 1318 2782 interuallo

201 2822 371 2902 temporum
390 2823 547 2901 separatos
559 2822 597 2884 ab
609 2821 665 2886 Iob
678 2823 710 2884 et
720 2821 786 2885 Noe
802 2821 853 2900 qui
869 2819 901 2882 in
916 2821 1025 2900 primis
1041 2819 1162 2884 fuerant
1173 2821 1317 2886 Ezechie-

200 2925 262 2988 lem
283 2926 314 2987 et
334 2925 498 2988 Danielem
522 2925 706 3004 posteriores
732 2925 836 2988 aetate
860 2923 899 2984 ad
919 2923 1136 2992 unanimitatis
1158 2925 1318 2988 uinculum

201 3025 299 3090 uirtus
310 3027 418 3090 diuina
428 3025 595 3104 coniunxit,
613 3063 643 3092 *a
654 3027 707 3090 sed
722 3025 864 3108 quamuis
880 3025 1069 3106 temporibus
1081 3025 1181 3108 longis
1195 3025 1319 3090 discreti

202 3131 311 3206 essent,
333 3129 440 3194 eadem
454 3132 560 3194 tamen
576 3131 682 3194 diuina
696 3129 896 3210 inspiratione
913 3127 1073 3192 sentirent.
1095 3127 1177 3208 quod
1193 3129 1223 3190 et
1240 3147 1320 3192 nuno

169 3233 235 3296 niu
249 3231 337 3296 uobis
359 3233 647 3308 animaduertimns,
668 3233 772 3312 utqui
794 3231 984 3312 longissimis
1006 3231 1182 3314 regionibns
1198 3249 1216 3292 a
1231 3231 1319 3294 nohis

201 3335 334 3416 separati
348 3335 423 3398 estis
440 3353 531 3398 seusu
545 3337 650 3398 tamen
663 3337 695 3398 et
706 3335 819 3416 spiritu
835 3335 991 3414 copulatos
1008 3351 1062 3396 uus
1080 3353 1144 3398 esse
1159 3333 1318 3398 nobiscum

201 3437 377 3518 probaretis.
394 3437 476 3516 quod
490 3437 593 3500 totum
607 3438 665 3501 hoo
679 3437 716 3500 tit
732 3435 838 3498 diuina
853 3435 980 3498 unitate.
1000 3455 1071 3498 nam
1086 3455 1154 3500 curn
1168 3437 1321 3500 Dominus

201 3557 279 3602 uuus
302 3540 395 3620 atque
418 3539 503 3602 idem
524 3539 567 3602 sit
588 3541 641 3620 qui
663 3539 785 3602 habitat
805 3535 950 3614 innubis,
977 3539 1137 3620 coniungit
1161 3539 1274 3620 ubique
1290 3541 1322 3602 et

252 3743 318 3812 let]
332 3759 390 3794 aco
466 3741 661 3794 cumfahulatio
675 3741 698 3812 Q
771 3741 788 3794 3
801 3739 966 3808 possulamus
980 3739 1015 3792 M
1022 3739 1026 3768 ¹
1040 3743 1187 3808 (possumus
1201 3743 1235 3794 M
1240 3741 1286 3812 Ὦ)

204 3827 219 3880 6
231 3827 361 3896 coepimus
375 3827 430 3878 IM
441 3827 570 3896 (cepimus
586 3826 619 3896 Q)
744 3827 759 3880 7
773 3827 874 3894 gratia*
890 3825 911 3894 Q
925 3827 1037 3892 (gr·atiae
1050 3827 1094 3894 M)
1215 3827 1232 3878 8
1245 3827 1322 3896 quac]

204 3926 281 3980 quau
389 3913 422 3966 10
434 3911 623 3982 passionemQ
729 3911 850 3980 passione
862 3911 962 3964 domini
974 3929 1023 3964 oon
1039 3911 1073 3966 lo
1182 3913 1214 3966 14
1227 3929 1322 3982 cogno-

204 3999 329 4068 scenteQ
431 4000 464 4052 15
476 3997 632 4068 christusQ
728 4013 925 4066 magnacumo
1028 3997 1061 4050 16
1074 3997 1289 4068 exultabimusQ

204 4085 257 4152 qui]
270 4085 334 4152 quia
346 4085 398 4138 Ioo
528 4085 560 4136 ll
572 4085 674 4152 positos
685 4085 721 4138 M
724 4087 732 4112 ¹
745 4083 851 4153 (positis
864 4085 900 4136 M
902 4087 912 4116 ²
921 4081 953 4150 Q)
1080 4083 1176 4152 positis
1192 4085 1199 4154 t
1214 4085 1324 4154 explicit

204 4170 317 4240 epistola
327 4171 481 4226 Pirnriliaui
496 4171 530 4224 ad
543 4153 599 4224 seni
610 4169 772 4238 Cypriacam
785 4187 800 4222 o
906 4159 944 4220 Ι21,
957 4169 1065 4222 fuerunt
1078 4169 1112 4224 M
1126 4169 1240 4232 (fuerant
1256 4169 1287 4238 Q)

204 4257 388 4310 hiezechielem
399 4259 450 4310 ΕΙ
564 4257 598 4310 22
609 4257 764 4310 dauiholurn
780 4253 802 4324 Q
921 4253 955 4308 23
967 4253 1013 4308 sed
1025 4253 1087 4322 EQ,
1101 4255 1145 4310 sed
1158 4271 1241 4322 super
1254 4259 1283 4308 ut
1297 4257 1324 4318 Ι,

204 4344 234 4394 ut
250 4361 281 4410 o,·
302 4343 433 4396 lacuna-ur
453 4343 580 4396 indicaret
732 4343 767 4396 25
784 4339 939 4408 longisimas
957 4339 991 4408 0¹
1010 4339 1187 4408 (longissimis
1200 4343 1237 4394 M
1240 4341 1288 4410 0²)

204 4427 236 4478 26
249 4429 318 4480 sensi
334 4427 356 4496 Q
504 4429 627 4496 copulato
639 4427 686 4480 M¹
698 4427 844 4496 (copulatos
855 4427 890 4480 M
894 4423 943 4494 Ὦ)
1051 4423 1052 4426 ’
1089 4427 1122 4480 27
1135 4427 1283 4496 probaretis
1298 4427 1328 4480 Ε

207 4509 304 4566 heretis
316 4515 347 4568 ia
359 4529 414 4568 ras.
