3084 5442
493 561 652 633 Epistula
673 559 971 614 xviii-XVIIII.
1225 557 1288 626 525

408 835 787 950 EPISTVLA
823 835 1070 946 XVIIII.

252 1045 434 1102 clamanus
450 1043 686 1098 PRESBYTERIS
704 1041 749 1094 ΕΤ
766 1041 985 1098 DIAOONIBVS
1003 1041 1201 1094 FRATRIBVS
1219 1039 1243 1094 S.

245 1237 310 1320 Legi
316 1237 429 1302 litteras
436 1237 563 1312 uestras,
574 1235 683 1298 fratres
696 1233 857 1312 carissimi,
869 1233 980 1316 quibus
992 1233 1160 1316 scripsistis
1171 1233 1317 1300 salubrel

214 1341 353 1410 consilium
376 1341 510 1404 uestrum
537 1357 595 1404 non
624 1339 728 1404 deesse
753 1337 903 1404 fratribus
925 1339 1047 1418 uostris,
1075 1341 1110 1404 ut
1131 1337 1295 1404 temeraria

198 1443 382 1512 destinatione
408 1443 541 1524 deposita
565 1443 742 1526 religiosam
767 1443 949 1524 patientiam
972 1445 1036 1508 Deo
1057 1443 1232 1524 praebeant,
1259 1443 1296 1508 ut

213 1545 312 1632 quande
324 1545 356 1610 in
369 1565 461 1608 unum
474 1565 527 1628 per
541 1545 605 1612 eins
626 1545 867 1612 misericordiam
889 1549 1073 1628 mouerimus,
1098 1547 1134 1614 de
1156 1545 1297 1612 omnibus

214 1649 348 1736 speciebus
362 1649 523 1714 secundnm
537 1639 773 1716 ecclesiasticam
787 1653 981 1734 disciplinam
991 1653 1123 1718 tractare
1134 1653 1296 1734 possimus,

215 1755 327 1820 maxime
352 1773 419 1818 cum
444 1754 593 1836 scriptum
613 1755 674 1818 sit:
702 1757 887 1820 memento
916 1755 1013 1820 unde
1043 1755 1233 1820 cecideris
1261 1755 1298 1820 et

216 1875 272 1942 age
290 1856 566 1936 paenitentiam.
589 1857 810 1938 paenitentiam
834 1859 937 1922 antem
960 1857 1013 1920 ille
1036 1857 1177 1942 agauni
1200 1857 1298 1922 diuini

192 1959 347 2042 opraecepti
374 1977 488 2022 memor
513 1959 599 2024 mitis
620 1959 652 2024 et
672 1959 792 2042 patiens
814 1963 846 2024 et
868 1960 1078 2028 sacerdotibus
1099 1961 1157 2026 Dei
1180 1961 1299 2026 obtem-

216 2079 307 2144 perans
332 2061 478 2144 obsequiis
499 2063 563 2128 suis
584 2065 614 2128 et
635 2065 776 2148 operibus
797 2065 888 2130 iustis
910 2065 1078 2130 Dominum
1099 2065 1299 2148 promeretur.

251 2163 385 2244 Quoniam
405 2168 506 2230 tamen
527 2165 722 2250 significastis
744 2167 892 2250 quosdam
913 2169 1118 2232 inmoderatos
1135 2187 1200 2232 esse
1216 2169 1247 2232 et
1262 2169 1333 2260 adt

219 2267 497 2334 communicationem
516 2270 722 2352 accipiendam
742 2271 923 2334 festinanter
937 2289 1078 2354 urguere,
1097 2271 1127 2334 et
1148 2271 1301 2334 desidera·

220 2371 266 2436 stis
284 2371 314 2436 in
331 2371 407 2436 hanc
433 2391 498 2436 rem
524 2371 655 2438 formam
681 2373 770 2438 uobis
792 2393 810 2436 a
831 2391 880 2438 me
903 2373 977 2452 dari,
1001 2375 1077 2444 satis
1099 2373 1187 2456 plene
1210 2373 1302 2454 scrip·

196 2475 284 2538 rasisse
302 2493 347 2538 me
366 2475 493 2540 adhunc
512 2494 577 2540 rem
597 2475 743 2558 proximis
764 2475 879 2542 litteris
901 2477 940 2540 ad
960 2489 1014 2540 uos
1037 2475 1125 2542 factis
1148 2475 1244 2556 credo,
1268 2479 1304 2540 ut

222 2579 264 2662 qui
287 2579 419 2645 libellum
439 2597 458 2642 a
477 2579 664 2664 martyribus
690 2581 871 2660 acceperunt
894 2581 925 2644 et
946 2581 1060 2644 auxilio
1090 2595 1192 2644 eornm
1216 2579 1303 2666 adiu·

222 2682 278 2748 uari
300 2683 374 2766 apud
393 2681 557 2748 Dominum
581 2683 615 2746 iu
636 2683 756 2748 delictis
787 2683 850 2748 suis
876 2683 1012 2764 possunt,
1043 2681 1069 2744 si
1096 2681 1193 2762 premi
1220 2679 1304 2744 infir·

222 2785 315 2850 uitato
334 2785 432 2868 aliqum
452 2787 484 2850 et
502 2785 635 2868 periculo
657 2785 818 2868 coeperint,
842 2785 1044 2868 exomologesi
1066 2781 1146 2850 facta
1167 2785 1199 2848 et
1213 2803 1304 2850 mann

222 2889 258 2952 eis
276 2889 392 2952 anobis
417 2889 450 2952 in
474 2885 692 2970 paenitentiam
718 2887 851 2968 inposita
878 2907 947 2952 cum
976 2907 1049 2970 pace
1077 2907 1095 2950 a
1116 2887 1305 2970 martyribus

197 2991 275 3058 asibi
297 2991 437 3076 promissa
457 2991 496 3056 ad
516 2991 683 3054 Dominum
703 2989 914 3056 remittantur.
937 2991 1031 3054 ceteri
1053 3007 1124 3054 uero
1147 2989 1200 3072 qui
1221 2989 1306 3054 nullo

308 3233 413 3302 enpoc
429 3231 455 3300 2,
474 3231 497 3286 b.

265 3459 341 3528 Epist.
356 3459 469 3512 XVIHI.
486 3487 518 3496 -
536 3457 634 3526 Incipit
656 3457 686 3510 in
708 3471 761 3526 qua
784 3457 905 3510 rescribit
930 3449 1112 3528 (res²scripsit
1132 3459 1165 3520 Τ)
1189 3459 1256 3512 clero
1279 3459 1310 3512 de

225 3547 261 3600 un
275 3547 317 3616 qe
331 3545 466 3616 mearam
483 3543 732 3613 festinassem,
757 3559 807 3598 om.
828 3563 855 3598 o.
875 3573 908 3584 -
925 3543 941 3598 a
960 3543 1122 3612 aaronitas]
1141 3527 1185 3598 n‘b‘
1198 3541 1221 3614 o

225 3632 368 3702 adisposita
378 3631 475 3702 E¹QT
537 3634 569 3684 ut
584 3645 633 3684 oca.
646 3631 738 3702 mon
814 3631 965 3702 6quando]
983 3649 1076 3686 cumo
1144 3633 1308 3696 clusoriam,

225 3718 272 3772 eius
285 3719 353 3774 inl¹
423 3719 569 3774 uenbemus
588 3717 639 3788 ΘΤ
711 3719 950 3774 SmemeutoacT
1025 3717 1145 3774 aeica
1210 3717 1310 3772 diuinis

225 3807 353 3874 praeceptis
373 3803 428 3858 E²o
518 3803 552 3858 10
574 3819 674 3858 memor
696 3819 745 3858 om.
769 3805 885 3876 EQTocr
976 3805 1245 3874 obtemperantiasT

228 3889 256 3944 11
270 3873 391 3960 dffo‘E'Q
408 3873 534 3958 (dan)
602 3891 635 3946 12
653 3891 779 3960 quosdam
793 3933 815 3946 ..
826 3929 834 3948 .
847 3891 1001 3948 desideratis
1020 3907 1069 3948 om.
1093 3911 1112 3944 nr
1180 3893 1208 3946 et
1225 3891 1258 3946 ad
1270 3891 1310 3960 M,

227 3999 248 4029 a
261 3975 332 4048 add,
348 3975 440 4042 adEo,
458 3980 485 4032 et
498 3977 574 4047 Tem·
592 3981 627 4046 cf.
646 3995 686 4048 ep.
705 3981 740 4034 55
756 3997 779 4036 c.
798 3981 815 4034 3
884 3981 917 4036 13
934 3979 1077 4034 desiderati
1092 3981 1116 4034 Τ
1132 3979 1157 4032 ti
1173 3981 1206 4034 c'a
1223 3993 1278 4034 ras.

228 4062 255 4116 14
268 4061 313 4116 hac
327 4078 384 4116 roo
454 4063 617 4118 formandam
634 4065 666 4118 Ε
732 4083 807 4120 ame
824 4067 933 4122 uobisa
1008 4067 1075 4120 satis
1093 4065 1203 4136 MQ¹T,
1222 4065 1313 4122 sciatis

228 4145 312 4216 Ebc,
327 4149 358 4232 at
373 4148 461 4200 sciatis
478 4163 494 4200 o
571 4149 605 4204 15
621 4149 656 4206 ad
673 4167 720 4206 uos
738 4167 788 4206 cm.
807 4173 827 4206 ω
906 4153 991 4208 factis.
1012 4153 1094 4208 Credo
1111 4153 1152 4206 ita
1169 4153 1313 4224 dmtiapait

228 4229 287 4302 EoQ
301 4233 384 4302 (factis
400 4233 474 4288 credo
491 4233 536 4302 Μ)
621 4239 656 4292 18
672 4239 763 4308 aliqua
780 4239 970 4294 infirmitates
1054 4239 1263 4310 exhomolcgisin
1283 4241 1312 4314 Q,

228 4317 417 4390 exhomologesin
434 4319 502 4374 ETo
568 4323 602 4378 19
624 4324 742 4394 inposita
758 4341 775 4380 a
793 4327 866 4380 uobis
883 4329 913 4380 in
930 4327 1155 4398 poenitenticmo
1223 4329 1313 4398 paeni·

229 4401 342 4543 tffiial’
418 4405 617 4476 abachilda
699 4413 734 4468 ad
750 4429 800 4476 ora.
820 4413 919 4486 E¹QT
1000 4413 1204 4470 remittenturo
1286 4415 1315 4470 in

229 4503 320 4545 noo
