<?xml version="1.0" encoding="UTF-8"?>
<!DOCTYPE html PUBLIC "-//W3C//DTD XHTML 1.0 Transitional//EN"
    "http://www.w3.org/TR/xhtml1/DTD/xhtml1-transitional.dtd">
<html xmlns="http://www.w3.org/1999/xhtml" xml:lang="en" lang="en">
 <head>
  <title>
</title>
<meta http-equiv="Content-Type" content="text/html;charset=utf-8" />
  <meta name='ocr-system' content='tesseract 3.04.00' />
  <meta name='ocr-capabilities' content='ocr_page ocr_carea ocr_par ocr_line ocrx_word'/>
</head>
<body>
  <div class='ocr_page' id='page_1' title='image "./sthascicaecilic01hartgoog/sthascicaecilic01hartgoog_0350.png"; bbox 0 0 3084 5442; ppageno 0'>
   <div class='ocr_carea' id='block_1_1' title="bbox 550 577 1330 644">
    <p class='ocr_par' dir='ltr' id='par_1_1' title="bbox 550 577 1330 644">
     <span class='ocr_line' id='line_1_1' title="bbox 550 577 1330 644; baseline 0.001 -12"><span class='ocrx_word' id='word_1_1' title='bbox 550 579 599 632; x_wconf 82' lang='lat' dir='ltr'>Ad</span> <span class='ocrx_word' id='word_1_2' title='bbox 615 579 851 632; x_wconf 73' lang='lat' dir='ltr'>Fortunatum</span> <span class='ocrx_word' id='word_1_3' title='bbox 868 595 891 632; x_wconf 87' lang='lat' dir='ltr'>e.</span> <span class='ocrx_word' id='word_1_4' title='bbox 910 579 953 634; x_wconf 87' lang='grc'>12.</span> <span class='ocrx_word' id='word_1_5' title='bbox 1265 577 1330 644; x_wconf 84' lang='grc'>345</span> 
     </span>
    </p>
   </div>
   <div class='ocr_carea' id='block_1_2' title="bbox 194 731 1358 3392">
    <p class='ocr_par' dir='ltr' id='par_1_2' title="bbox 194 731 1358 3392">
     <span class='ocr_line' id='line_1_2' title="bbox 218 731 1331 816; baseline -0.011 -10"><span class='ocrx_word' id='word_1_6' title='bbox 218 739 296 806; x_wconf 87' lang='lat' dir='ltr'>tionis</span> <span class='ocrx_word' id='word_1_7' title='bbox 308 735 426 804; x_wconf 84' lang='lat' dir='ltr'>nostrae</span> <span class='ocrx_word' id='word_1_8' title='bbox 441 735 473 800; x_wconf 92' lang='lat' dir='ltr'>et</span> <span class='ocrx_word' id='word_1_9' title='bbox 486 733 663 798; x_wconf 71' lang='lat' dir='ltr'><strong>munerator</strong></span> <span class='ocrx_word' id='word_1_10' title='bbox 677 732 851 816; x_wconf 82' lang='lat' dir='ltr'>passionis,</span> <span class='ocrx_word' id='word_1_11' title='bbox 874 733 993 812; x_wconf 85' lang='lat' dir='ltr'>beati,</span> <span class='ocrx_word' id='word_1_12' title='bbox 1017 731 1137 816; x_wconf 84' lang='lat' dir='ltr'>iuquit,</span> <span class='ocrx_word' id='word_1_13' title='bbox 1161 731 1227 814; x_wconf 85' lang='lat' dir='ltr'>qui</span> <span class='ocrx_word' id='word_1_14' title='bbox 1248 749 1331 816; x_wconf 88' lang='lat' dir='ltr'>per-</span> 
     </span>
     <span class='ocr_line' id='line_1_3' title="bbox 219 833 1358 922; baseline -0.01 -11"><span class='ocrx_word' id='word_1_15' title='bbox 219 842 438 910; x_wconf 77' lang='lat' dir='ltr'>secutionem</span> <span class='ocrx_word' id='word_1_16' title='bbox 459 835 565 918; x_wconf 90' lang='lat' dir='ltr'>passi</span> <span class='ocrx_word' id='word_1_17' title='bbox 597 833 754 902; x_wconf 85' lang='lat' dir='ltr'>fuerint</span> <span class='ocrx_word' id='word_1_18' title='bbox 786 837 950 920; x_wconf 88' lang='lat' dir='ltr'>propter</span> <span class='ocrx_word' id='word_1_19' title='bbox 981 835 1202 914; x_wconf 87' lang='lat' dir='ltr'>iustitiam,</span> <span class='ocrx_word' id='word_1_20' title='bbox 1240 833 1358 922; x_wconf 87' lang='lat' dir='ltr'>quia</span> 
     </span>
     <span class='ocr_line' id='line_1_4' title="bbox 219 937 1330 1032; baseline -0.007 -20"><span class='ocrx_word' id='word_1_21' title='bbox 219 949 366 1032; x_wconf 88' lang='lat' dir='ltr'>ipsorum</span> <span class='ocrx_word' id='word_1_22' title='bbox 387 941 449 1006; x_wconf 92' lang='lat' dir='ltr'>est</span> <span class='ocrx_word' id='word_1_23' title='bbox 469 959 626 1022; x_wconf 86' lang='lat' dir='ltr'>regnum</span> <span class='ocrx_word' id='word_1_24' title='bbox 642 939 852 1004; x_wconf 84' lang='lat' dir='ltr'>saelorum.</span> <span class='ocrx_word' id='word_1_25' title='bbox 875 941 907 1004; x_wconf 82' lang='lat' dir='ltr'>et</span> <span class='ocrx_word' id='word_1_26' title='bbox 922 939 1051 1004; x_wconf 84' lang='lat' dir='ltr'>iterum:</span> <span class='ocrx_word' id='word_1_27' title='bbox 1068 937 1174 1004; x_wconf 84' lang='lat' dir='ltr'>beati</span> <span class='ocrx_word' id='word_1_28' title='bbox 1197 937 1330 1016; x_wconf 88' lang='lat' dir='ltr'>eritis,</span> 
     </span>
     <span class='ocr_line' id='line_1_5' title="bbox 221 1041 1329 1124; baseline -0.006 -11"><span class='ocrx_word' id='word_1_29' title='bbox 221 1067 291 1114; x_wconf 84' lang='lat' dir='ltr'>eum</span> <span class='ocrx_word' id='word_1_30' title='bbox 319 1043 401 1110; x_wconf 88' lang='lat' dir='ltr'>odie</span> <span class='ocrx_word' id='word_1_31' title='bbox 433 1061 502 1108; x_wconf 91' lang='lat' dir='ltr'>uos</span> <span class='ocrx_word' id='word_1_32' title='bbox 534 1041 752 1106; x_wconf 77' lang='lat' dir='ltr'>habuerint</span> <span class='ocrx_word' id='word_1_33' title='bbox 785 1041 967 1106; x_wconf 89' lang='lat' dir='ltr'>homines</span> <span class='ocrx_word' id='word_1_34' title='bbox 989 1043 1027 1106; x_wconf 86' lang='lat' dir='ltr'>et</span> <span class='ocrx_word' id='word_1_35' title='bbox 1048 1041 1329 1124; x_wconf 82' lang='lat' dir='ltr'>superauerint</span> 
     </span>
     <span class='ocr_line' id='line_1_6' title="bbox 194 1145 1328 1228; baseline -0.006 -14"><span class='ocrx_word' id='word_1_36' title='bbox 194 1169 275 1216; x_wconf 74' lang='lat' dir='ltr'>suos</span> <span class='ocrx_word' id='word_1_37' title='bbox 303 1149 340 1214; x_wconf 92' lang='lat' dir='ltr'>et</span> <span class='ocrx_word' id='word_1_38' title='bbox 369 1145 592 1228; x_wconf 79' lang='lat' dir='ltr'>expulerint</span> <span class='ocrx_word' id='word_1_39' title='bbox 622 1146 660 1209; x_wconf 91' lang='lat' dir='ltr'>et</span> <span class='ocrx_word' id='word_1_40' title='bbox 692 1145 974 1210; x_wconf 82' lang='lat' dir='ltr'>maledixerint</span> <span class='ocrx_word' id='word_1_41' title='bbox 1003 1145 1158 1208; x_wconf 89' lang='lat' dir='ltr'>nemini</span> <span class='ocrx_word' id='word_1_42' title='bbox 1187 1145 1328 1210; x_wconf 86' lang='lat' dir='ltr'>uestro</span> 
     </span>
     <span class='ocr_line' id='line_1_7' title="bbox 222 1247 1329 1338; baseline -0.004 -22"><span class='ocrx_word' id='word_1_43' title='bbox 222 1251 317 1338; x_wconf 85' lang='lat' dir='ltr'>quasi</span> <span class='ocrx_word' id='word_1_44' title='bbox 345 1269 507 1332; x_wconf 87' lang='lat' dir='ltr'>nequam</span> <span class='ocrx_word' id='word_1_45' title='bbox 540 1250 703 1330; x_wconf 88' lang='lat' dir='ltr'>propter</span> <span class='ocrx_word' id='word_1_46' title='bbox 724 1247 860 1314; x_wconf 82' lang='lat' dir='ltr'>filium</span> <span class='ocrx_word' id='word_1_47' title='bbox 882 1247 1063 1314; x_wconf 77' lang='lat' dir='ltr'>neminie.</span> <span class='ocrx_word' id='word_1_48' title='bbox 1097 1247 1268 1334; x_wconf 86' lang='lat' dir='ltr'>gaudete</span> <span class='ocrx_word' id='word_1_49' title='bbox 1290 1247 1329 1312; x_wconf 92' lang='lat' dir='ltr'>in</span> 
     </span>
     <span class='ocr_line' id='line_1_8' title="bbox 222 1353 1329 1422; baseline -0.004 0"><span class='ocrx_word' id='word_1_50' title='bbox 222 1357 285 1422; x_wconf 90' lang='lat' dir='ltr'>illa</span> <span class='ocrx_word' id='word_1_51' title='bbox 303 1355 359 1418; x_wconf 90' lang='lat' dir='ltr'>die</span> <span class='ocrx_word' id='word_1_52' title='bbox 378 1353 416 1418; x_wconf 88' lang='lat' dir='ltr'>et</span> <span class='ocrx_word' id='word_1_53' title='bbox 437 1353 620 1418; x_wconf 81' lang='lat' dir='ltr'>exultate.</span> <span class='ocrx_word' id='word_1_54' title='bbox 646 1373 732 1418; x_wconf 85' lang='lat' dir='ltr'>esee</span> <span class='ocrx_word' id='word_1_55' title='bbox 753 1353 855 1418; x_wconf 90' lang='lat' dir='ltr'>euim</span> <span class='ocrx_word' id='word_1_56' title='bbox 877 1373 1025 1418; x_wconf 91' lang='lat' dir='ltr'>meroes</span> <span class='ocrx_word' id='word_1_57' title='bbox 1047 1355 1178 1418; x_wconf 83' lang='lat' dir='ltr'>uestra</span> <span class='ocrx_word' id='word_1_58' title='bbox 1200 1353 1329 1418; x_wconf 89' lang='lat' dir='ltr'>multa</span> 
     </span>
     <span class='ocr_line' id='line_1_9' title="bbox 221 1457 1330 1540; baseline -0.002 -16"><span class='ocrx_word' id='word_1_59' title='bbox 221 1457 379 1524; x_wconf 80' lang='lat' dir='ltr'>incaelis.</span> <span class='ocrx_word' id='word_1_60' title='bbox 402 1457 580 1521; x_wconf 89' lang='lat' dir='ltr'>etiterum:</span> <span class='ocrx_word' id='word_1_61' title='bbox 602 1457 669 1538; x_wconf 85' lang='lat' dir='ltr'>qui</span> <span class='ocrx_word' id='word_1_62' title='bbox 690 1457 831 1538; x_wconf 82' lang='lat' dir='ltr'>perdit</span> <span class='ocrx_word' id='word_1_63' title='bbox 853 1459 1022 1522; x_wconf 88' lang='lat' dir='ltr'>animam</span> <span class='ocrx_word' id='word_1_64' title='bbox 1044 1475 1150 1522; x_wconf 87' lang='lat' dir='ltr'>suam</span> <span class='ocrx_word' id='word_1_65' title='bbox 1171 1457 1330 1540; x_wconf 89' lang='lat' dir='ltr'>propter</span> 
     </span>
     <span class='ocr_line' id='line_1_10' title="bbox 222 1559 1328 1626; baseline -0.002 0"><span class='ocrx_word' id='word_1_66' title='bbox 222 1581 266 1626; x_wconf 92' lang='lat' dir='ltr'>ne</span> <span class='ocrx_word' id='word_1_67' title='bbox 283 1559 341 1624; x_wconf 85' lang='lat' dir='ltr'>hie</span> <span class='ocrx_word' id='word_1_68' title='bbox 360 1561 533 1624; x_wconf 86' lang='lat' dir='ltr'>saluabit</span> <span class='ocrx_word' id='word_1_69' title='bbox 553 1559 674 1624; x_wconf 90' lang='lat' dir='ltr'>illam.</span> <span class='ocrx_word' id='word_1_70' title='bbox 698 1577 755 1624; x_wconf 87' lang='lat' dir='ltr'>neo</span> <span class='ocrx_word' id='word_1_71' title='bbox 769 1561 851 1626; x_wconf 89' lang='lat' dir='ltr'>solos</span> <span class='ocrx_word' id='word_1_72' title='bbox 864 1561 1094 1626; x_wconf 84' lang='lat' dir='ltr'>animaduersos</span> <span class='ocrx_word' id='word_1_73' title='bbox 1106 1561 1181 1626; x_wconf 86' lang='lat' dir='ltr'>etin</span> <span class='ocrx_word' id='word_1_74' title='bbox 1198 1559 1328 1626; x_wconf 79' lang='lat' dir='ltr'>erfectus</span> 
     </span>
     <span class='ocr_line' id='line_1_11' title="bbox 195 1663 1326 1748; baseline 0.001 -20"><span class='ocrx_word' id='word_1_75' title='bbox 195 1663 326 1728; x_wconf 77' lang='lat' dir='ltr'>nunnae</span> <span class='ocrx_word' id='word_1_76' title='bbox 339 1663 572 1744; x_wconf 79' lang='lat' dir='ltr'>pollicitationis</span> <span class='ocrx_word' id='word_1_77' title='bbox 586 1665 714 1728; x_wconf 91' lang='lat' dir='ltr'>manent</span> <span class='ocrx_word' id='word_1_78' title='bbox 727 1665 885 1744; x_wconf 84' lang='lat' dir='ltr'>praemia,</span> <span class='ocrx_word' id='word_1_79' title='bbox 910 1665 964 1730; x_wconf 87' lang='lat' dir='ltr'>sed</span> <span class='ocrx_word' id='word_1_80' title='bbox 979 1665 1075 1730; x_wconf 89' lang='lat' dir='ltr'>etiam</span> <span class='ocrx_word' id='word_1_81' title='bbox 1091 1665 1118 1728; x_wconf 91' lang='lat' dir='ltr'>si</span> <span class='ocrx_word' id='word_1_82' title='bbox 1133 1665 1233 1748; x_wconf 86' lang='lat' dir='ltr'>passio</span> <span class='ocrx_word' id='word_1_83' title='bbox 1249 1663 1326 1730; x_wconf 90' lang='lat' dir='ltr'>fide·</span> 
     </span>
     <span class='ocr_line' id='line_1_12' title="bbox 222 1767 1325 1850; baseline 0.004 -20"><span class='ocrx_word' id='word_1_84' title='bbox 222 1767 290 1830; x_wconf 87' lang='lat' dir='ltr'>libus</span> <span class='ocrx_word' id='word_1_85' title='bbox 303 1767 396 1845; x_wconf 87' lang='lat' dir='ltr'>desit,</span> <span class='ocrx_word' id='word_1_86' title='bbox 418 1767 493 1832; x_wconf 87' lang='lat' dir='ltr'>fides</span> <span class='ocrx_word' id='word_1_87' title='bbox 507 1767 613 1832; x_wconf 90' lang='lat' dir='ltr'>tamen</span> <span class='ocrx_word' id='word_1_88' title='bbox 632 1767 756 1850; x_wconf 84' lang='lat' dir='ltr'>integra</span> <span class='ocrx_word' id='word_1_89' title='bbox 771 1769 872 1850; x_wconf 88' lang='lat' dir='ltr'>adque</span> <span class='ocrx_word' id='word_1_90' title='bbox 888 1767 1005 1832; x_wconf 81' lang='lat' dir='ltr'>inuicta</span> <span class='ocrx_word' id='word_1_91' title='bbox 1020 1767 1193 1850; x_wconf 82' lang='lat' dir='ltr'>perst&#39;terit</span> <span class='ocrx_word' id='word_1_92' title='bbox 1208 1767 1238 1832; x_wconf 89' lang='lat' dir='ltr'>et</span> <span class='ocrx_word' id='word_1_93' title='bbox 1254 1787 1325 1834; x_wconf 91' lang='lat' dir='ltr'>oon-</span> 
     </span>
     <span class='ocr_line' id='line_1_13' title="bbox 222 1867 1327 1952; baseline 0.002 -20"><span class='ocrx_word' id='word_1_94' title='bbox 222 1868 334 1951; x_wconf 91' lang='lat' dir='ltr'>temptis</span> <span class='ocrx_word' id='word_1_95' title='bbox 357 1887 393 1934; x_wconf 85' lang='lat' dir='ltr'>ee</span> <span class='ocrx_word' id='word_1_96' title='bbox 417 1867 534 1934; x_wconf 87' lang='lat' dir='ltr'>reliotis</span> <span class='ocrx_word' id='word_1_97' title='bbox 558 1869 623 1932; x_wconf 92' lang='lat' dir='ltr'>suis</span> <span class='ocrx_word' id='word_1_98' title='bbox 648 1869 794 1934; x_wconf 90' lang='lat' dir='ltr'>omuibus</span> <span class='ocrx_word' id='word_1_99' title='bbox 807 1869 967 1936; x_wconf 82' lang='lat' dir='ltr'>Christum</span> <span class='ocrx_word' id='word_1_100' title='bbox 982 1889 1015 1934; x_wconf 89' lang='lat' dir='ltr'>se</span> <span class='ocrx_word' id='word_1_101' title='bbox 1030 1871 1117 1952; x_wconf 86' lang='lat' dir='ltr'>sequi</span> <span class='ocrx_word' id='word_1_102' title='bbox 1141 1871 1327 1934; x_wconf 81' lang='lat' dir='ltr'>christianus</span> 
     </span>
     <span class='ocr_line' id='line_1_14' title="bbox 222 1971 1328 2056; baseline 0.002 -22"><span class='ocrx_word' id='word_1_103' title='bbox 222 1971 386 2050; x_wconf 85' lang='lat' dir='ltr'>ostenderit,</span> <span class='ocrx_word' id='word_1_104' title='bbox 402 1973 466 2054; x_wconf 93' lang='lat' dir='ltr'>ipse</span> <span class='ocrx_word' id='word_1_105' title='bbox 480 1989 599 2054; x_wconf 89' lang='lat' dir='ltr'>quoque</span> <span class='ocrx_word' id='word_1_106' title='bbox 614 1991 633 2036; x_wconf 89' lang='lat' dir='ltr'>a</span> <span class='ocrx_word' id='word_1_107' title='bbox 648 1971 770 2036; x_wconf 78' lang='lat' dir='ltr'>christo</span> <span class='ocrx_word' id='word_1_108' title='bbox 786 1973 869 2038; x_wconf 87' lang='lat' dir='ltr'>iuter</span> <span class='ocrx_word' id='word_1_109' title='bbox 883 1973 1036 2056; x_wconf 79' lang='lat' dir='ltr'>martyras</span> <span class='ocrx_word' id='word_1_110' title='bbox 1051 1973 1219 2036; x_wconf 83' lang='lat' dir='ltr'>honoratur</span> <span class='ocrx_word' id='word_1_111' title='bbox 1234 1973 1328 2054; x_wconf 91' lang='lat' dir='ltr'>polli-</span> 
     </span>
     <span class='ocr_line' id='line_1_15' title="bbox 223 2075 1329 2158; baseline 0.004 -20"><span class='ocrx_word' id='word_1_112' title='bbox 223 2077 294 2139; x_wconf 80' lang='lat' dir='ltr'>cente</span> <span class='ocrx_word' id='word_1_113' title='bbox 315 2075 378 2156; x_wconf 89' lang='lat' dir='ltr'>ipso</span> <span class='ocrx_word' id='word_1_114' title='bbox 405 2079 436 2140; x_wconf 91' lang='lat' dir='ltr'>et</span> <span class='ocrx_word' id='word_1_115' title='bbox 462 2075 598 2140; x_wconf 82' lang='lat' dir='ltr'>dicente:</span> <span class='ocrx_word' id='word_1_116' title='bbox 632 2093 739 2138; x_wconf 87' lang='lat' dir='ltr'>nemo</span> <span class='ocrx_word' id='word_1_117' title='bbox 762 2079 824 2142; x_wconf 84' lang='lat' dir='ltr'>est</span> <span class='ocrx_word' id='word_1_118' title='bbox 847 2077 912 2158; x_wconf 91' lang='lat' dir='ltr'>qui</span> <span class='ocrx_word' id='word_1_119' title='bbox 934 2075 1151 2156; x_wconf 88' lang='lat' dir='ltr'>relinquat</span> <span class='ocrx_word' id='word_1_120' title='bbox 1173 2075 1329 2142; x_wconf 89' lang='lat' dir='ltr'>domum</span> 
     </span>
     <span class='ocr_line' id='line_1_16' title="bbox 196 2177 1328 2260; baseline 0 -20"><span class='ocrx_word' id='word_1_121' title='bbox 196 2178 282 2240; x_wconf 80' lang='lat' dir='ltr'>uaut</span> <span class='ocrx_word' id='word_1_122' title='bbox 301 2195 428 2260; x_wconf 83' lang='lat' dir='ltr'>agrum</span> <span class='ocrx_word' id='word_1_123' title='bbox 448 2179 515 2242; x_wconf 89' lang='lat' dir='ltr'>aut</span> <span class='ocrx_word' id='word_1_124' title='bbox 537 2178 715 2258; x_wconf 90' lang='lat' dir='ltr'>parentes</span> <span class='ocrx_word' id='word_1_125' title='bbox 737 2179 806 2242; x_wconf 86' lang='lat' dir='ltr'>aut</span> <span class='ocrx_word' id='word_1_126' title='bbox 829 2177 977 2244; x_wconf 84' lang='lat' dir='ltr'>fratres</span> <span class='ocrx_word' id='word_1_127' title='bbox 1000 2181 1070 2244; x_wconf 89' lang='lat' dir='ltr'>eut</span> <span class='ocrx_word' id='word_1_128' title='bbox 1092 2195 1244 2242; x_wconf 84' lang='lat' dir='ltr'>uxorem</span> <span class='ocrx_word' id='word_1_129' title='bbox 1260 2179 1328 2244; x_wconf 89' lang='lat' dir='ltr'>eut</span> 
     </span>
     <span class='ocr_line' id='line_1_17' title="bbox 223 2277 1329 2362; baseline 0 -20"><span class='ocrx_word' id='word_1_130' title='bbox 223 2277 323 2343; x_wconf 85' lang='lat' dir='ltr'>filios</span> <span class='ocrx_word' id='word_1_131' title='bbox 342 2281 500 2362; x_wconf 89' lang='lat' dir='ltr'>propter</span> <span class='ocrx_word' id='word_1_132' title='bbox 522 2299 686 2362; x_wconf 82' lang='lat' dir='ltr'>regnum</span> <span class='ocrx_word' id='word_1_133' title='bbox 707 2279 778 2344; x_wconf 88' lang='lat' dir='ltr'>Dei</span> <span class='ocrx_word' id='word_1_134' title='bbox 806 2283 844 2346; x_wconf 88' lang='lat' dir='ltr'>et</span> <span class='ocrx_word' id='word_1_135' title='bbox 873 2297 946 2344; x_wconf 89' lang='lat' dir='ltr'>non</span> <span class='ocrx_word' id='word_1_136' title='bbox 979 2281 1156 2362; x_wconf 81' lang='lat' dir='ltr'>resipiat</span> <span class='ocrx_word' id='word_1_137' title='bbox 1180 2279 1329 2360; x_wconf 84' lang='lat' dir='ltr'>septies</span> 
     </span>
     <span class='ocr_line' id='line_1_18' title="bbox 222 2381 1328 2466; baseline 0.002 -22"><span class='ocrx_word' id='word_1_138' title='bbox 222 2381 356 2446; x_wconf 87' lang='lat' dir='ltr'>tentum</span> <span class='ocrx_word' id='word_1_139' title='bbox 376 2381 415 2448; x_wconf 93' lang='lat' dir='ltr'>in</span> <span class='ocrx_word' id='word_1_140' title='bbox 435 2383 514 2446; x_wconf 89' lang='lat' dir='ltr'>iste</span> <span class='ocrx_word' id='word_1_141' title='bbox 536 2383 729 2466; x_wconf 78' lang='lat' dir='ltr'>tempere,</span> <span class='ocrx_word' id='word_1_142' title='bbox 767 2385 805 2450; x_wconf 90' lang='lat' dir='ltr'>iu</span> <span class='ocrx_word' id='word_1_143' title='bbox 828 2383 981 2448; x_wconf 83' lang='lat' dir='ltr'>saeculo</span> <span class='ocrx_word' id='word_1_144' title='bbox 1005 2385 1140 2448; x_wconf 83' lang='lat' dir='ltr'>eutem</span> <span class='ocrx_word' id='word_1_145' title='bbox 1162 2383 1328 2446; x_wconf 85' lang='lat' dir='ltr'>uenture</span> 
     </span>
     <span class='ocr_line' id='line_1_19' title="bbox 223 2485 1329 2570; baseline 0 -20"><span class='ocrx_word' id='word_1_146' title='bbox 223 2486 331 2550; x_wconf 91' lang='lat' dir='ltr'>uitam</span> <span class='ocrx_word' id='word_1_147' title='bbox 350 2489 554 2550; x_wconf 85' lang='lat' dir='ltr'>aeternam.</span> <span class='ocrx_word' id='word_1_148' title='bbox 589 2487 667 2550; x_wconf 87' lang='lat' dir='ltr'>item</span> <span class='ocrx_word' id='word_1_149' title='bbox 682 2485 716 2550; x_wconf 91' lang='lat' dir='ltr'>in</span> <span class='ocrx_word' id='word_1_150' title='bbox 730 2485 919 2570; x_wconf 78' lang='lat' dir='ltr'>Apocalypsi</span> <span class='ocrx_word' id='word_1_151' title='bbox 942 2489 998 2552; x_wconf 89' lang='lat' dir='ltr'>hoe</span> <span class='ocrx_word' id='word_1_152' title='bbox 1013 2487 1097 2550; x_wconf 90' lang='lat' dir='ltr'>idem</span> <span class='ocrx_word' id='word_1_153' title='bbox 1113 2485 1267 2568; x_wconf 83' lang='lat' dir='ltr'>loquitur,</span> <span class='ocrx_word' id='word_1_154' title='bbox 1291 2487 1329 2552; x_wconf 84' lang='lat' dir='ltr'>et</span> 
     </span>
     <span class='ocr_line' id='line_1_20' title="bbox 224 2587 1328 2672; baseline 0.002 -22"><span class='ocrx_word' id='word_1_155' title='bbox 224 2589 305 2664; x_wconf 79' lang='lat' dir='ltr'>uidi,</span> <span class='ocrx_word' id='word_1_156' title='bbox 335 2587 454 2670; x_wconf 88' lang='lat' dir='ltr'>inquit,</span> <span class='ocrx_word' id='word_1_157' title='bbox 486 2587 638 2652; x_wconf 88' lang='lat' dir='ltr'>animas</span> <span class='ocrx_word' id='word_1_158' title='bbox 660 2587 876 2654; x_wconf 81' lang='lat' dir='ltr'>occisorum</span> <span class='ocrx_word' id='word_1_159' title='bbox 899 2589 1060 2672; x_wconf 87' lang='lat' dir='ltr'>propter</span> <span class='ocrx_word' id='word_1_160' title='bbox 1086 2607 1218 2654; x_wconf 90' lang='lat' dir='ltr'>nomen</span> <span class='ocrx_word' id='word_1_161' title='bbox 1240 2589 1328 2652; x_wconf 89' lang='lat' dir='ltr'>lesu</span> 
     </span>
     <span class='ocr_line' id='line_1_21' title="bbox 198 2690 1327 2774; baseline 0 -20"><span class='ocrx_word' id='word_1_162' title='bbox 198 2692 254 2756; x_wconf 75' lang='lat' dir='ltr'>eu</span> <span class='ocrx_word' id='word_1_163' title='bbox 273 2709 476 2756; x_wconf 88' lang='lat' dir='ltr'>sermonem</span> <span class='ocrx_word' id='word_1_164' title='bbox 498 2690 581 2756; x_wconf 88' lang='lat' dir='ltr'>Dei.</span> <span class='ocrx_word' id='word_1_165' title='bbox 618 2692 650 2754; x_wconf 90' lang='lat' dir='ltr'>et</span> <span class='ocrx_word' id='word_1_166' title='bbox 675 2709 747 2754; x_wconf 85' lang='lat' dir='ltr'>eum</span> <span class='ocrx_word' id='word_1_167' title='bbox 773 2693 873 2774; x_wconf 90' lang='lat' dir='ltr'>primo</span> <span class='ocrx_word' id='word_1_168' title='bbox 897 2691 928 2756; x_wconf 90' lang='lat' dir='ltr'>in</span> <span class='ocrx_word' id='word_1_169' title='bbox 956 2691 1021 2756; x_wconf 88' lang='lat' dir='ltr'>loeo</span> <span class='ocrx_word' id='word_1_170' title='bbox 1036 2691 1188 2774; x_wconf 83' lang='lat' dir='ltr'>posuisset</span> <span class='ocrx_word' id='word_1_171' title='bbox 1205 2691 1327 2768; x_wconf 74' lang='lat' dir='ltr'>occisos,</span> 
     </span>
     <span class='ocr_line' id='line_1_22' title="bbox 225 2793 1329 2878; baseline 0 -20"><span class='ocrx_word' id='word_1_172' title='bbox 225 2793 460 2860; x_wconf 84' lang='lat' dir='ltr'>addiditdieens:</span> <span class='ocrx_word' id='word_1_173' title='bbox 491 2793 531 2856; x_wconf 90' lang='lat' dir='ltr'>et</span> <span class='ocrx_word' id='word_1_174' title='bbox 562 2794 794 2876; x_wconf 85' lang='lat' dir='ltr'>quicumque</span> <span class='ocrx_word' id='word_1_175' title='bbox 823 2795 1040 2878; x_wconf 84' lang='lat' dir='ltr'>imaginem</span> <span class='ocrx_word' id='word_1_176' title='bbox 1072 2795 1223 2858; x_wconf 83' lang='lat' dir='ltr'>bestiae</span> <span class='ocrx_word' id='word_1_177' title='bbox 1256 2811 1329 2876; x_wconf 88' lang='lat' dir='ltr'>non</span> 
     </span>
     <span class='ocr_line' id='line_1_23' title="bbox 225 2891 1329 2978; baseline 0 -18"><span class='ocrx_word' id='word_1_178' title='bbox 225 2897 460 2962; x_wconf 88' lang='lat' dir='ltr'>adorauerunt</span> <span class='ocrx_word' id='word_1_179' title='bbox 480 2891 546 2960; x_wconf 76' lang='lat' dir='ltr'>ue&#39;e</span> <span class='ocrx_word' id='word_1_180' title='bbox 567 2897 798 2978; x_wconf 77' lang='lat' dir='ltr'>acceperuut</span> <span class='ocrx_word' id='word_1_181' title='bbox 820 2897 1118 2978; x_wconf 75' lang='lat' dir='ltr'>inscriptionem</span> <span class='ocrx_word' id='word_1_182' title='bbox 1141 2897 1181 2960; x_wconf 92' lang='lat' dir='ltr'>in</span> <span class='ocrx_word' id='word_1_183' title='bbox 1203 2897 1329 2960; x_wconf 86' lang='lat' dir='ltr'>fronte</span> 
     </span>
     <span class='ocr_line' id='line_1_24' title="bbox 225 2997 1329 3089; baseline 0 -27"><span class='ocrx_word' id='word_1_184' title='bbox 225 2999 335 3062; x_wconf 90' lang='lat' dir='ltr'>autin</span> <span class='ocrx_word' id='word_1_185' title='bbox 354 3017 467 3062; x_wconf 91' lang='lat' dir='ltr'>manu</span> <span class='ocrx_word' id='word_1_186' title='bbox 488 3017 563 3062; x_wconf 87' lang='lat' dir='ltr'>sua.</span> <span class='ocrx_word' id='word_1_187' title='bbox 597 3015 671 3080; x_wconf 86' lang='lat' dir='ltr'>quos</span> <span class='ocrx_word' id='word_1_188' title='bbox 696 2997 858 3089; x_wconf 88' lang='lat' dir='ltr'>uniuersos</span> <span class='ocrx_word' id='word_1_189' title='bbox 886 3019 903 3062; x_wconf 92' lang='lat' dir='ltr'>a</span> <span class='ocrx_word' id='word_1_190' title='bbox 928 3017 961 3062; x_wconf 88' lang='lat' dir='ltr'>ee</span> <span class='ocrx_word' id='word_1_191' title='bbox 984 2997 1017 3062; x_wconf 91' lang='lat' dir='ltr'>in</span> <span class='ocrx_word' id='word_1_192' title='bbox 1032 3001 1139 3064; x_wconf 87' lang='lat' dir='ltr'>eudem</span> <span class='ocrx_word' id='word_1_193' title='bbox 1153 2999 1219 3062; x_wconf 88' lang='lat' dir='ltr'>loeo</span> <span class='ocrx_word' id='word_1_194' title='bbox 1234 2999 1329 3062; x_wconf 87' lang='lat' dir='ltr'>simul</span> 
     </span>
     <span class='ocr_line' id='line_1_25' title="bbox 225 3099 1328 3184; baseline -0.002 -18"><span class='ocrx_word' id='word_1_195' title='bbox 225 3103 294 3166; x_wconf 88' lang='lat' dir='ltr'>uisos</span> <span class='ocrx_word' id='word_1_196' title='bbox 307 3101 459 3182; x_wconf 85' lang='lat' dir='ltr'>coniungit</span> <span class='ocrx_word' id='word_1_197' title='bbox 473 3119 509 3164; x_wconf 84' lang='lat' dir='ltr'>ae</span> <span class='ocrx_word' id='word_1_198' title='bbox 523 3099 613 3164; x_wconf 79' lang='lat' dir='ltr'>dicit:</span> <span class='ocrx_word' id='word_1_199' title='bbox 631 3101 872 3166; x_wconf 83' lang='lat' dir='ltr'>etuixeruut</span> <span class='ocrx_word' id='word_1_200' title='bbox 895 3101 930 3164; x_wconf 86' lang='lat' dir='ltr'>et</span> <span class='ocrx_word' id='word_1_201' title='bbox 954 3101 1223 3184; x_wconf 82' lang='lat' dir='ltr'>regnaueruni</span> <span class='ocrx_word' id='word_1_202' title='bbox 1245 3119 1328 3165; x_wconf 88' lang='lat' dir='ltr'>oum</span> 
     </span>
     <span class='ocr_line' id='line_1_26' title="bbox 200 3203 1328 3290; baseline -0.003 -20"><span class='ocrx_word' id='word_1_203' title='bbox 200 3203 368 3270; x_wconf 76' lang='lat' dir='ltr'>odhristo.</span> <span class='ocrx_word' id='word_1_204' title='bbox 393 3203 496 3268; x_wconf 91' lang='lat' dir='ltr'>uiuere</span> <span class='ocrx_word' id='word_1_205' title='bbox 511 3221 614 3266; x_wconf 92' lang='lat' dir='ltr'>omnes</span> <span class='ocrx_word' id='word_1_206' title='bbox 637 3203 716 3268; x_wconf 86' lang='lat' dir='ltr'>dieit</span> <span class='ocrx_word' id='word_1_207' title='bbox 738 3206 770 3268; x_wconf 92' lang='lat' dir='ltr'>et</span> <span class='ocrx_word' id='word_1_208' title='bbox 791 3223 920 3290; x_wconf 84' lang='lat' dir='ltr'>regnare</span> <span class='ocrx_word' id='word_1_209' title='bbox 936 3223 1006 3268; x_wconf 89' lang='lat' dir='ltr'>eum</span> <span class='ocrx_word' id='word_1_210' title='bbox 1022 3203 1159 3282; x_wconf 85' lang='lat' dir='ltr'>Christo,</span> <span class='ocrx_word' id='word_1_211' title='bbox 1183 3221 1242 3268; x_wconf 91' lang='lat' dir='ltr'>nou</span> <span class='ocrx_word' id='word_1_212' title='bbox 1258 3203 1328 3268; x_wconf 85' lang='lat' dir='ltr'>tan-</span> 
     </span>
     <span class='ocr_line' id='line_1_27' title="bbox 225 3305 1329 3392; baseline -0.002 -20"><span class='ocrx_word' id='word_1_213' title='bbox 225 3312 284 3376; x_wconf 87' lang='lat' dir='ltr'>tum</span> <span class='ocrx_word' id='word_1_214' title='bbox 302 3309 350 3392; x_wconf 89' lang='lat' dir='ltr'>qui</span> <span class='ocrx_word' id='word_1_215' title='bbox 370 3307 461 3374; x_wconf 76' lang='lat' dir='ltr'>occisi</span> <span class='ocrx_word' id='word_1_216' title='bbox 481 3305 612 3386; x_wconf 84' lang='lat' dir='ltr'>fuerint,</span> <span class='ocrx_word' id='word_1_217' title='bbox 636 3307 691 3372; x_wconf 87' lang='lat' dir='ltr'>sed</span> <span class='ocrx_word' id='word_1_218' title='bbox 706 3305 821 3390; x_wconf 87' lang='lat' dir='ltr'>quique</span> <span class='ocrx_word' id='word_1_219' title='bbox 836 3309 869 3370; x_wconf 92' lang='lat' dir='ltr'>in</span> <span class='ocrx_word' id='word_1_220' title='bbox 884 3307 955 3372; x_wconf 92' lang='lat' dir='ltr'>fidei</span> <span class='ocrx_word' id='word_1_221' title='bbox 972 3325 1043 3372; x_wconf 88' lang='lat' dir='ltr'>suae</span> <span class='ocrx_word' id='word_1_222' title='bbox 1059 3307 1209 3372; x_wconf 84' lang='lat' dir='ltr'>firmitate</span> <span class='ocrx_word' id='word_1_223' title='bbox 1224 3307 1256 3370; x_wconf 85' lang='lat' dir='ltr'>et</span> <span class='ocrx_word' id='word_1_224' title='bbox 1270 3305 1329 3370; x_wconf 91' lang='lat' dir='ltr'>Dei</span> 
     </span>
    </p>
   </div>
   <div class='ocr_carea' id='block_1_3' title="bbox 231 3512 1328 3672">
    <p class='ocr_par' dir='ltr' id='par_1_3' title="bbox 231 3512 1328 3672">
     <span class='ocr_line' id='line_1_28' title="bbox 312 3512 1328 3582; baseline -0.001 -14"><span class='ocrx_word' id='word_1_225' title='bbox 312 3512 527 3577; x_wconf 67' lang='lat' dir='ltr'>lustenam.</span> <span class='ocrx_word' id='word_1_226' title='bbox 589 3513 824 3582; x_wconf 75' lang='lat' dir='ltr'>3Luc.6,22sq.</span> <span class='ocrx_word' id='word_1_227' title='bbox 895 3513 990 3568; x_wconf 87' lang='lat' dir='ltr'>8Lue.</span> <span class='ocrx_word' id='word_1_228' title='bbox 1005 3515 1029 3578; x_wconf 85' lang='lat'>9,</span> <span class='ocrx_word' id='word_1_229' title='bbox 1043 3513 1085 3566; x_wconf 86' lang='grc'>24.</span> <span class='ocrx_word' id='word_1_230' title='bbox 1158 3513 1191 3566; x_wconf 85' lang='lat'>14</span> <span class='ocrx_word' id='word_1_231' title='bbox 1209 3513 1272 3566; x_wconf 86' lang='lat' dir='ltr'>Luo.</span> <span class='ocrx_word' id='word_1_232' title='bbox 1286 3513 1328 3576; x_wconf 82' lang='lat'>18,</span> 
     </span>
     <span class='ocr_line' id='line_1_29' title="bbox 231 3601 567 3672; baseline 0 -16"><span class='ocrx_word' id='word_1_233' title='bbox 231 3603 260 3656; x_wconf 84' lang='grc'>29</span> <span class='ocrx_word' id='word_1_234' title='bbox 270 3617 302 3672; x_wconf 85' lang='lat' dir='ltr'>sq.</span> <span class='ocrx_word' id='word_1_235' title='bbox 351 3601 383 3656; x_wconf 82' lang='lat'>18</span> <span class='ocrx_word' id='word_1_236' title='bbox 399 3601 477 3668; x_wconf 79' lang='lat' dir='ltr'>Apes.</span> <span class='ocrx_word' id='word_1_237' title='bbox 489 3601 531 3665; x_wconf 83' lang='grc'>20,</span> <span class='ocrx_word' id='word_1_238' title='bbox 543 3601 567 3656; x_wconf 91' lang='grc'>4.</span> 
     </span>
    </p>
   </div>
   <div class='ocr_carea' id='block_1_4' title="bbox 222 3791 1330 4550">
    <p class='ocr_par' dir='ltr' id='par_1_4' title="bbox 222 3791 1330 4550">
     <span class='ocr_line' id='line_1_30' title="bbox 270 3791 1279 3854; baseline -0.002 -10"><span class='ocrx_word' id='word_1_239' title='bbox 270 3796 283 3844; x_wconf 94' lang='grc'><strong>1</strong></span> <span class='ocrx_word' id='word_1_240' title='bbox 297 3793 379 3844; x_wconf 83' lang='lat' dir='ltr'>noster</span> <span class='ocrx_word' id='word_1_241' title='bbox 387 3791 420 3844; x_wconf 73' lang='lat'>8¹</span> <span class='ocrx_word' id='word_1_242' title='bbox 469 3793 620 3843; x_wconf 85' lang='lat' dir='ltr'>munerator</span> <span class='ocrx_word' id='word_1_243' title='bbox 631 3791 762 3854; x_wconf 83' lang='lat' dir='ltr'><em>SWRV,</em></span> <span class='ocrx_word' id='word_1_244' title='bbox 777 3793 983 3844; x_wconf 81' lang='lat' dir='ltr'>remuneratore</span> <span class='ocrx_word' id='word_1_245' title='bbox 1035 3791 1052 3842; x_wconf 88' lang='lat'><strong>3</strong></span> <span class='ocrx_word' id='word_1_246' title='bbox 1071 3791 1112 3842; x_wconf 80' lang='lat' dir='ltr'>est</span> <span class='ocrx_word' id='word_1_247' title='bbox 1125 3791 1177 3844; x_wconf 83' lang='lat' dir='ltr'>Ss.</span> <span class='ocrx_word' id='word_1_248' title='bbox 1189 3791 1205 3842; x_wconf 85' lang='lat' dir='ltr'>l.</span> <span class='ocrx_word' id='word_1_249' title='bbox 1216 3807 1248 3842; x_wconf 83' lang='lat' dir='ltr'>m.</span> <span class='ocrx_word' id='word_1_250' title='bbox 1261 3791 1279 3842; x_wconf 83' lang='lat'><em>2</em></span> 
     </span>
     <span class='ocr_line' id='line_1_31' title="bbox 228 3875 1330 3946; baseline -0.002 -16"><span class='ocrx_word' id='word_1_251' title='bbox 228 3877 349 3944; x_wconf 81' lang='lat' dir='ltr'>coelorum]</span> <span class='ocrx_word' id='word_1_252' title='bbox 360 3875 423 3930; x_wconf 81' lang='lat' dir='ltr'>odd.</span> <span class='ocrx_word' id='word_1_253' title='bbox 434 3877 473 3932; x_wconf 83' lang='lat' dir='ltr'>R:</span> <span class='ocrx_word' id='word_1_254' title='bbox 491 3875 527 3928; x_wconf 85' lang='lat' dir='ltr'>Et</span> <span class='ocrx_word' id='word_1_255' title='bbox 538 3875 636 3930; x_wconf 90' lang='lat' dir='ltr'>iterum</span> <span class='ocrx_word' id='word_1_256' title='bbox 649 3876 734 3930; x_wconf 89' lang='lat' dir='ltr'>nolite</span> <span class='ocrx_word' id='word_1_257' title='bbox 745 3877 842 3930; x_wconf 88' lang='lat' dir='ltr'>timere</span> <span class='ocrx_word' id='word_1_258' title='bbox 856 3893 898 3930; x_wconf 87' lang='lat' dir='ltr'>ees</span> <span class='ocrx_word' id='word_1_259' title='bbox 911 3877 957 3946; x_wconf 87' lang='lat' dir='ltr'>qui</span> <span class='ocrx_word' id='word_1_260' title='bbox 970 3875 1094 3930; x_wconf 78' lang='lat' dir='ltr'>occidunt</span> <span class='ocrx_word' id='word_1_261' title='bbox 1106 3891 1199 3944; x_wconf 87' lang='lat' dir='ltr'>eorpus</span> <span class='ocrx_word' id='word_1_262' title='bbox 1213 3875 1330 3930; x_wconf 87' lang='lat' dir='ltr'>enimam</span> 
     </span>
     <span class='ocr_line' id='line_1_32' title="bbox 228 3963 1325 4032; baseline 0.001 -16"><span class='ocrx_word' id='word_1_263' title='bbox 228 3967 301 4017; x_wconf 87' lang='lat' dir='ltr'>eutem</span> <span class='ocrx_word' id='word_1_264' title='bbox 319 3979 368 4016; x_wconf 91' lang='lat' dir='ltr'>non</span> <span class='ocrx_word' id='word_1_265' title='bbox 388 3965 497 4030; x_wconf 89' lang='lat' dir='ltr'>possunt</span> <span class='ocrx_word' id='word_1_266' title='bbox 516 3963 644 4028; x_wconf 84' lang='lat' dir='ltr'>occidere,</span> <span class='ocrx_word' id='word_1_267' title='bbox 663 3963 752 4032; x_wconf 83' lang='lat' dir='ltr'>magis</span> <span class='ocrx_word' id='word_1_268' title='bbox 769 3965 860 4016; x_wconf 85' lang='lat' dir='ltr'>autern</span> <span class='ocrx_word' id='word_1_269' title='bbox 873 3965 984 4016; x_wconf 84' lang='lat' dir='ltr'>metuite</span> <span class='ocrx_word' id='word_1_270' title='bbox 998 3977 1056 4016; x_wconf 88' lang='lat' dir='ltr'>eum</span> <span class='ocrx_word' id='word_1_271' title='bbox 1071 3963 1116 4030; x_wconf 79' lang='lat' dir='ltr'>qui</span> <span class='ocrx_word' id='word_1_272' title='bbox 1128 3965 1217 4032; x_wconf 83' lang='lat' dir='ltr'>petest</span> <span class='ocrx_word' id='word_1_273' title='bbox 1229 3965 1258 4016; x_wconf 89' lang='lat' dir='ltr'>et</span> <span class='ocrx_word' id='word_1_274' title='bbox 1268 3965 1325 4018; x_wconf 87' lang='lat' dir='ltr'>ani·</span> 
     </span>
     <span class='ocr_line' id='line_1_33' title="bbox 226 4049 1270 4118; baseline 0.002 -16"><span class='ocrx_word' id='word_1_275' title='bbox 226 4065 284 4102; x_wconf 84' lang='lat' dir='ltr'>mam</span> <span class='ocrx_word' id='word_1_276' title='bbox 301 4053 326 4104; x_wconf 87' lang='lat' dir='ltr'>et</span> <span class='ocrx_word' id='word_1_277' title='bbox 345 4065 432 4118; x_wconf 88' lang='lat' dir='ltr'>eorpus</span> <span class='ocrx_word' id='word_1_278' title='bbox 449 4049 564 4104; x_wconf 78' lang='lat' dir='ltr'>occidere</span> <span class='ocrx_word' id='word_1_279' title='bbox 587 4049 614 4104; x_wconf 91' lang='lat' dir='ltr'>iu</span> <span class='ocrx_word' id='word_1_280' title='bbox 633 4051 756 4118; x_wconf 82' lang='lat' dir='ltr'>gehenna</span> <span class='ocrx_word' id='word_1_281' title='bbox 777 4051 891 4118; x_wconf 78' lang='lat' dir='ltr'>(Morou.</span> <span class='ocrx_word' id='word_1_282' title='bbox 905 4055 947 4116; x_wconf 84' lang='lat'>10,</span> <span class='ocrx_word' id='word_1_283' title='bbox 961 4051 1028 4118; x_wconf 51' lang='lat'>281·</span> <span class='ocrx_word' id='word_1_284' title='bbox 1048 4051 1083 4118; x_wconf 76' lang='lat' dir='ltr'>efi</span> <span class='ocrx_word' id='word_1_285' title='bbox 1098 4057 1155 4106; x_wconf 77' lang='lat' dir='ltr'>test.</span> <span class='ocrx_word' id='word_1_286' title='bbox 1171 4053 1270 4106; x_wconf 70' lang='lat'>[1116</span> 
     </span>
     <span class='ocr_line' id='line_1_34' title="bbox 224 4135 1315 4206; baseline 0.005 -20"><span class='ocrx_word' id='word_1_287' title='bbox 224 4135 238 4186; x_wconf 83' lang='lat'><em>8</em></span> <span class='ocrx_word' id='word_1_288' title='bbox 252 4135 275 4186; x_wconf 91' lang='lat' dir='ltr'>iu</span> <span class='ocrx_word' id='word_1_289' title='bbox 285 4135 357 4188; x_wconf 87' lang='lat' dir='ltr'>oeelis</span> <span class='ocrx_word' id='word_1_290' title='bbox 370 4135 442 4198; x_wconf 81' lang='lat' dir='ltr'>WV,</span> <span class='ocrx_word' id='word_1_291' title='bbox 459 4139 575 4190; x_wconf 76' lang='lat' dir='ltr'>ineest</span> <span class='ocrx_word' id='word_1_292' title='bbox 591 4137 624 4199; x_wconf 82' lang='lat' dir='ltr'>S,</span> <span class='ocrx_word' id='word_1_293' title='bbox 642 4138 685 4190; x_wconf 91' lang='lat' dir='ltr'>est</span> <span class='ocrx_word' id='word_1_294' title='bbox 705 4135 733 4188; x_wconf 90' lang='lat' dir='ltr'>in</span> <span class='ocrx_word' id='word_1_295' title='bbox 755 4154 776 4190; x_wconf 85' lang='lat' dir='ltr'>e.</span> <span class='ocrx_word' id='word_1_296' title='bbox 790 4137 835 4192; x_wconf 72' lang='lat' dir='ltr'>Re</span> <span class='ocrx_word' id='word_1_297' title='bbox 920 4135 1091 4206; x_wconf 83' lang='lat' dir='ltr'>perdideriiu</span> <span class='ocrx_word' id='word_1_298' title='bbox 1178 4137 1211 4190; x_wconf 87' lang='grc'>10</span> <span class='ocrx_word' id='word_1_299' title='bbox 1227 4139 1315 4206; x_wconf 86' lang='lat' dir='ltr'>passio</span> 
     </span>
     <span class='ocr_line' id='line_1_35' title="bbox 223 4219 1310 4294; baseline 0.004 -22"><span class='ocrx_word' id='word_1_300' title='bbox 223 4219 332 4286; x_wconf 80' lang='lat' dir='ltr'><em>SWRV,</em></span> <span class='ocrx_word' id='word_1_301' title='bbox 348 4223 406 4291; x_wconf 89' lang='lat' dir='ltr'>ipsa</span> <span class='ocrx_word' id='word_1_302' title='bbox 417 4223 530 4290; x_wconf 78' lang='lat' dir='ltr'>passion</span> <span class='ocrx_word' id='word_1_303' title='bbox 582 4223 614 4276; x_wconf 90' lang='grc'>12</span> <span class='ocrx_word' id='word_1_304' title='bbox 631 4225 687 4276; x_wconf 91' lang='lat' dir='ltr'>suis</span> <span class='ocrx_word' id='word_1_305' title='bbox 699 4239 747 4278; x_wconf 81' lang='lat' dir='ltr'>oua.</span> <span class='ocrx_word' id='word_1_306' title='bbox 762 4225 802 4279; x_wconf 92' lang='lat' dir='ltr'><em>W</em></span> <span class='ocrx_word' id='word_1_307' title='bbox 853 4223 885 4278; x_wconf 86' lang='lat'>13</span> <span class='ocrx_word' id='word_1_308' title='bbox 903 4227 1031 4294; x_wconf 83' lang='lat' dir='ltr'>martyres</span> <span class='ocrx_word' id='word_1_309' title='bbox 1044 4223 1087 4280; x_wconf 78' lang='lat' dir='ltr'>su</span> <span class='ocrx_word' id='word_1_310' title='bbox 1149 4223 1181 4278; x_wconf 84' lang='lat'>14</span> <span class='ocrx_word' id='word_1_311' title='bbox 1198 4223 1310 4276; x_wconf 88' lang='lat' dir='ltr'>derelin-</span> 
     </span>
     <span class='ocr_line' id='line_1_36' title="bbox 223 4307 1260 4380; baseline 0.006 -22"><span class='ocrx_word' id='word_1_312' title='bbox 223 4312 277 4372; x_wconf 80' lang='lat' dir='ltr'>quat</span> <span class='ocrx_word' id='word_1_313' title='bbox 287 4307 320 4362; x_wconf 87' lang='lat' dir='ltr'><em>W</em></span> <span class='ocrx_word' id='word_1_314' title='bbox 366 4307 398 4362; x_wconf 83' lang='grc'>16</span> <span class='ocrx_word' id='word_1_315' title='bbox 414 4313 518 4378; x_wconf 84' lang='lat' dir='ltr'>propter</span> <span class='ocrx_word' id='word_1_316' title='bbox 528 4325 638 4378; x_wconf 84' lang='lat' dir='ltr'>regnum</span> <span class='ocrx_word' id='word_1_317' title='bbox 651 4309 693 4364; x_wconf 90' lang='lat' dir='ltr'>dei</span> <span class='ocrx_word' id='word_1_318' title='bbox 705 4327 754 4364; x_wconf 78' lang='lat' dir='ltr'>ora.</span> <span class='ocrx_word' id='word_1_319' title='bbox 769 4311 835 4364; x_wconf 76' lang='lat' dir='ltr'>We</span> <span class='ocrx_word' id='word_1_320' title='bbox 896 4313 929 4364; x_wconf 81' lang='lat'>18</span> <span class='ocrx_word' id='word_1_321' title='bbox 946 4311 1095 4380; x_wconf 85' lang='lat' dir='ltr'>epoealypis</span> <span class='ocrx_word' id='word_1_322' title='bbox 1111 4313 1148 4378; x_wconf 91' lang='lat' dir='ltr'>(in</span> <span class='ocrx_word' id='word_1_323' title='bbox 1160 4313 1220 4378; x_wconf 80' lang='lat' dir='ltr'>oea.)</span> <span class='ocrx_word' id='word_1_324' title='bbox 1234 4311 1260 4364; x_wconf 84' lang='lat' dir='ltr'><em>R</em></span> 
     </span>
     <span class='ocr_line' id='line_1_37' title="bbox 223 4391 1312 4452; baseline 0.007 -10"><span class='ocrx_word' id='word_1_325' title='bbox 223 4391 249 4442; x_wconf 83' lang='lat'>19</span> <span class='ocrx_word' id='word_1_326' title='bbox 261 4409 343 4446; x_wconf 84' lang='lat' dir='ltr'>nomen</span> <span class='ocrx_word' id='word_1_327' title='bbox 351 4393 392 4447; x_wconf 85' lang='lat' dir='ltr'>dei</span> <span class='ocrx_word' id='word_1_328' title='bbox 402 4397 430 4448; x_wconf 94' lang='lat' dir='ltr'>et</span> <span class='ocrx_word' id='word_1_329' title='bbox 439 4396 619 4448; x_wconf 90' lang='lat' dir='ltr'>testimonium</span> <span class='ocrx_word' id='word_1_330' title='bbox 628 4397 685 4448; x_wconf 88' lang='lat' dir='ltr'>iesu</span> <span class='ocrx_word' id='word_1_331' title='bbox 696 4397 722 4448; x_wconf 92' lang='lat' dir='ltr'><em>V</em></span> <span class='ocrx_word' id='word_1_332' title='bbox 770 4397 805 4450; x_wconf 90' lang='grc'>21</span> <span class='ocrx_word' id='word_1_333' title='bbox 817 4413 869 4450; x_wconf 91' lang='lat' dir='ltr'>nou</span> <span class='ocrx_word' id='word_1_334' title='bbox 883 4397 952 4450; x_wconf 86' lang='lat' dir='ltr'>ador.</span> <span class='ocrx_word' id='word_1_335' title='bbox 966 4399 1010 4450; x_wconf 84' lang='lat' dir='ltr'>iur.</span> <span class='ocrx_word' id='word_1_336' title='bbox 1023 4397 1157 4452; x_wconf 82' lang='lat' dir='ltr'>bestiaeR</span> <span class='ocrx_word' id='word_1_337' title='bbox 1204 4397 1237 4448; x_wconf 92' lang='grc'>22</span> <span class='ocrx_word' id='word_1_338' title='bbox 1251 4395 1312 4450; x_wconf 90' lang='lat' dir='ltr'>adu·</span> 
     </span>
     <span class='ocr_line' id='line_1_38' title="bbox 222 4477 1261 4550; baseline 0.01 -22"><span class='ocrx_word' id='word_1_339' title='bbox 222 4477 362 4532; x_wconf 71' lang='lat' dir='ltr'>inuenies*</span> <span class='ocrx_word' id='word_1_340' title='bbox 444 4481 827 4550; x_wconf 86' lang='lat' dir='ltr'>uotametinseriptiunemV</span> <span class='ocrx_word' id='word_1_341' title='bbox 901 4483 1103 4546; x_wconf 71' lang='lat' dir='ltr'>assuescite,</span> <span class='ocrx_word' id='word_1_342' title='bbox 1125 4481 1261 4538; x_wconf 72' lang='lat' dir='ltr'>accisus</span> 
     </span>
    </p>
   </div>
   <div class='ocr_carea' id='block_1_5' title="bbox 223 4557 1260 4638">
    <p class='ocr_par' dir='ltr' id='par_1_5' title="bbox 223 4557 1260 4638">
     <span class='ocr_line' id='line_1_39' title="bbox 223 4557 1260 4638; baseline 0.013 -28"><span class='ocrx_word' id='word_1_343' title='bbox 223 4557 251 4610; x_wconf 75' lang='grc'>25</span> <span class='ocrx_word' id='word_1_344' title='bbox 265 4561 382 4616; x_wconf 84' lang='lat' dir='ltr'>omuisS¹</span> <span class='ocrx_word' id='word_1_345' title='bbox 461 4565 494 4616; x_wconf 85' lang='grc'>26</span> <span class='ocrx_word' id='word_1_346' title='bbox 512 4565 617 4618; x_wconf 84' lang='lat' dir='ltr'>fuerunt</span> <span class='ocrx_word' id='word_1_347' title='bbox 630 4565 662 4618; x_wconf 71' lang='lat' dir='ltr'>S*</span> <span class='ocrx_word' id='word_1_348' title='bbox 737 4565 860 4620; x_wconf 84' lang='lat' dir='ltr'>sedete</span> <span class='ocrx_word' id='word_1_349' title='bbox 940 4567 1046 4636; x_wconf 84' lang='lat' dir='ltr'>quique]</span> <span class='ocrx_word' id='word_1_350' title='bbox 1068 4569 1260 4638; x_wconf 80' lang='lat' dir='ltr'>quicumqueu</span> 
     </span>
    </p>
   </div>
   <div class='ocr_carea' id='block_1_6' title="bbox 0 0 1546 5442">
    <p class='ocr_par' dir='ltr' id='par_1_6' title="bbox 0 0 1546 5442">
     <span class='ocr_line' id='line_1_40' title="bbox 0 0 1546 5442; baseline 0 0"><span class='ocrx_word' id='word_1_351' title='bbox 0 0 1546 5442; x_wconf 95' lang='lat' dir='ltr'> </span> 
     </span>
    </p>
   </div>
  </div>
 </body>
</html>
