3084 5442
257 639 319 704 190
651 633 795 692 caecans
814 631 974 704 cypriani

252 792 319 856 tarn
333 813 421 858 cama
435 814 529 876 quam
544 797 646 860 mente
661 813 692 858 so
706 793 771 858 Deo
787 793 943 872 uouerint,
967 794 1180 857 consumment
1196 809 1268 872 opus
1279 809 1346 860 suun

252 915 365 980 magno
378 899 513 980 praemio
529 899 718 962 destinatum
731 913 786 962 neo
808 895 910 960 ornari
932 895 986 960 aut
1007 897 1127 978 plaeere
1149 895 1288 976 cuiquam
1301 897 1346 966 wnisi

253 997 377 1065 domino
400 1019 455 1064 suo
477 1001 635 1079 studeant,
659 1019 755 1082 aquo
771 1001 801 1064 et
817 999 986 1064 mercedem
1008 999 1199 1082 uirginitatis
1215 1001 1346 1078 expectant

253 1099 374 1166 dicento
387 1103 470 1184 ipso:
500 1121 575 1166 non
596 1121 723 1166 omnes
745 1103 908 1184 capiunt
931 1103 1088 1166 uerbum
1110 1103 1173 1168 sed
1200 1101 1267 1164 illi
1287 1109 1345 1186 qui.

252 1209 322 1272 bus
343 1207 472 1268 datum
494 1209 566 1270 est:
589 1207 677 1270 sunt
699 1207 798 1271 enim
820 1205 1009 1286 spadones
1032 1205 1097 1286 qui
1120 1223 1162 1268 es
1179 1205 1358 1282 uterorum

252 1311 331 1374 tris
352 1309 433 1372 nati
455 1310 545 1372 sunt
573 1308 628 1372 sic
658 1309 695 1374 et
722 1307 810 1371 sunt
832 1307 1026 1390 spadones
1042 1307 1111 1390 qui
1134 1307 1258 1372 coacti
1279 1319 1345 1382 sont

253 1413 299 1476 ab
319 1411 542 1476 hominibus
569 1413 606 1474 et
633 1413 721 1476 sunt
742 1409 930 1490 spadones
953 1409 1018 1492 qui
1041 1429 1078 1474 se
1099 1411 1206 1492 ipsos
1229 1415 1345 1484 castra-

253 1515 394 1580 uerunt
414 1515 569 1598 propter
583 1533 741 1598 regnum
756 1513 959 1578 caelorum.
985 1513 1080 1578 denuo
1096 1531 1214 1594 quoque
1228 1533 1280 1594 per
1292 1517 1346 1588 hano

253 1619 356 1700 angeli
377 1633 484 1682 uocem
506 1615 708 1682 continentiae
729 1635 842 1682 munus
858 1617 1050 1696 ostenditur(
1068 1617 1231 1700 uirginitas
1253 1623 1346 1698 praedi·

252 1721 356 1784 catur:
389 1720 431 1784 hi
462 1722 552 1784 sunt
582 1721 646 1802 qui
675 1739 758 1784 oum
788 1721 1021 1784 mulieribus
1049 1739 1088 1784 sc
1110 1739 1181 1784 non
1204 1721 1358 1805 coloquio

252 1825 459 1907 nonerunt:
482 1821 660 1908 uirgines
681 1823 781 1888 onim
804 1823 1109 1904 permanserunt.
1133 1823 1172 1886 hi
1194 1823 1279 1888 sunt
1299 1833 1346 1908 qul

253 1927 434 1992 secuntur
456 1947 609 2010 agnum,
633 1945 872 2010 quocumque
895 1927 1001 1992 ierit.
1039 1945 1135 2008 neque
1156 1927 1237 1990 euim
1252 1927 1345 1998 tantm

252 2031 397 2096 masculis
412 2031 615 2096 continentiae
642 2033 774 2116 gratiam
799 2029 950 2094 Dominus
976 2031 1163 2114 repromittit
1189 2031 1220 2096 et
1245 2029 1345 2102 femina

252 2135 407 2216 praeterit,
423 2135 477 2198 sed
492 2135 639 2218 quoniam
653 2135 715 2200 uiri
729 2133 830 2220 portio
847 2135 893 2200 est
908 2133 1021 2200 lomina
1036 2135 1066 2198 ot
1081 2153 1116 2198 ex
1132 2153 1166 2198 eo
1182 2135 1299 2216 sumpta
1311 2139 1345 2204 ad·

253 2257 311 2318 que
327 2237 460 2302 formata
475 2239 531 2317 est,
547 2241 580 2302 in
590 2241 750 2322 seripturis
765 2237 829 2302 fere
844 2237 985 2302 omnihus
1001 2237 1039 2300 ad
1054 2237 1277 2318 protoplastum
1287 2239 1357 2308 Dour

252 2341 403 2424 loquitur,
427 2343 500 2425 quia
515 2344 587 2408 sunt
602 2345 662 2408 dno
683 2343 717 2408 in
735 2361 824 2408 carne
846 2359 906 2404 una
922 2341 953 2404 et
967 2341 999 2404 in
1014 2341 1150 2406 masculo
1166 2341 1260 2406 simul
1273 2341 1344 2426 signi·

254 2445 363 2510 ficator
378 2448 408 2510 et
422 2447 547 2511 femina.

224 2555 242 2614 t
297 2547 411 2627 Quodsi
426 2549 584 2614 Christum
599 2549 785 2616 continentia
799 2551 938 2633 sequitur
961 2553 992 2616 et
1014 2567 1106 2636 regno
1130 2549 1188 2614 Dei
1210 2549 1345 2634 uirginitas

254 2655 439 2732 destinatur,
472 2655 548 2736 quid
573 2654 654 2720 istae
679 2675 751 2720 cum
777 2655 896 2720 terreno
919 2653 1005 2718 cuitu
1028 2657 1058 2718 et
1081 2675 1152 2720 cum
1175 2655 1344 2732 ornamentis

254 2748 365 2840 quibus
394 2759 470 2823 dum
494 2759 669 2822 hominibus
693 2759 812 2842 placere
838 2759 990 2844 gestiunt,
1015 2757 1115 2822 Deum
1137 2757 1290 2824 offendunt
1307 2775 1357 2822 nour

254 2863 422 2948 cogitantes
447 2881 512 2928 esse
537 2865 745 2946 praedictum:
781 2863 845 2946 qui
867 2861 1091 2926 hominibus
1113 2863 1268 2946 placent
1288 2879 1344 2928 oon·

253 2967 332 3032 fusi
354 2971 472 3048 suntp
498 2969 678 3050 quoniam
699 2969 800 3032 Deus
822 2967 924 3032 nihil
952 2967 1046 3032 fecit
1075 2967 1184 3046 illos,
1219 2969 1250 3032 et
1273 2965 1344 3032 Paulo

253 3089 373 3154 quoque
387 3072 518 3155 glorioso
533 3071 564 3136 ct
579 3071 755 3136 sublimiter
768 3071 977 3152 praedicante:
1002 3071 1046 3134 si'
1057 3071 1277 3136 hominibus
1289 3071 1343 3152 pla·

253 3194 392 3254 cerem,
427 3193 562 3240 seruus
590 3172 740 3238 Christi
767 3191 840 3238 nou
864 3177 1009 3238 ossam?
1042 3173 1227 3240 continentia
1249 3173 1344 3240 uaroot

252 3277 401 3360 pudicitia
414 3299 476 3342 nou
489 3279 522 3342 in
537 3277 602 3342 sola
617 3277 714 3342 carnis
728 3277 909 3360 integritate
924 3277 1065 3340 consistit
1081 3277 1134 3342 sed
1149 3279 1244 3342 etiam
1258 3279 1288 3342 iu
1301 3275 1355 3340 col-r

251 3383 304 3446 tus
319 3383 350 3446 et
365 3383 490 3446 omatus
504 3381 617 3444 honore
630 3381 745 3462 pariter
759 3399 794 3442 ac
809 3379 939 3460 pudore,
964 3379 1000 3442 ut
1015 3379 1183 3444 secundum
1198 3379 1343 3462 apostolm

252 3503 329 3566 quae
343 3485 473 3566 innupta
487 3484 534 3548 est
549 3485 655 3548 sancta
669 3485 711 3548 sit
731 3485 762 3548 et
787 3501 910 3566 corpore
926 3485 957 3548 et
973 3483 1092 3564 spiritu.
1114 3483 1241 3546 instruit
1255 3481 1343 3548 Paulus

351 3671 624 3740 4Maaeh.1a11sq.
677 3671 713 3723 10
722 3671 801 3740 Apoo.
813 3671 853 3734 14,
864 3671 889 3722 4.
943 3669 975 3722 21
988 3669 1031 3722 Ps.
1042 3669 1082 3734 52,
1096 3671 1121 3722 6.
1174 3671 1208 3722 23
1221 3671 1277 3724 Gal.
1290 3671 1309 3734 1,
1319 3669 1343 3722 lo.

302 3844 490 3895 l‘oonsumcnt
503 3841 540 3893 W
584 3841 797 3896 2ornariiamo
845 3841 893 3890 aut
906 3855 939 3890 coc
952 3839 983 3890 ut
996 3839 1108 3894 Woo.2
1159 3837 1343 3910 ddicentoipso]

249 3927 362 3980 dicentis
376 3929 411 3980 W
469 3927 580 3980 uerbum
591 3929 693 3980 domini
706 3927 799 3991 V‚hoo
812 3925 950 3978 uerbumo
1004 3925 1100 3978 illisD
1161 3923 1343 3980 Gnatisuutsio

249 4013 312 4076 SD,
330 4013 390 4064 nati
401 4015 464 4064 sunt
477 4013 544 4074 We,
561 4013 601 4064 sio
612 4013 671 4066 nati
684 4015 747 4064 sunt
759 4029 776 4064 c
857 4011 874 4064 9
893 4011 992 4078 angeli]
1006 4009 1141 4078 euangelii
1153 4011 1192 4064 W
1259 4011 1289 4064 10
1304 4011 1343 4064 suot

249 4097 339 4166 inquit
352 4099 379 4152 V
434 4097 468 4150 12
486 4101 659 4168 quocumque]
672 4115 749 4166 quoq.
764 4097 998 4162 Ssortasserccte
1050 4097 1074 4148 it
1087 4097 1154 4150 WV
1213 4097 1246 4150 14
1261 4095 1343 4166 preterit

250 4183 284 4244 δ,
300 4183 469 4250 praeteritD
525 4183 626 4234 femina
636 4183 692 4236 uiri
702 4181 789 4250 portio
802 4185 843 4236 est
856 4181 938 4236 WDo
990 4181 1217 4250 superonustus
1270 4183 1343 4252 adpro·

249 4267 397 4320 tobiastum
414 4268 446 4331 S,
465 4283 513 4320 om.
530 4269 569 4322 W
635 4269 669 4320 18
687 4267 782 4335 quodsi
793 4283 827 4320 ca
839 4267 910 4334 quod
923 4265 961 4320 sio
977 4269 1010 4318 W
1080 4267 1112 4320 19
1131 4267 1199 4320 istae
1212 4267 1245 4330 S,
1264 4267 1343 4322 estillis

254 4351 335 4404 WDo
391 4354 618 4420 summatem.)
631 4355 717 4406 omS
775 4351 809 4404 22
826 4351 1154 4420 paulum-praedicasse
1167 4351 1344 4420 (praedicantem

254 4437 290 4502 V)
306 4437 409 4490 WDVo
460 4439 744 4508 23plaoercuellemc
796 4437 830 4490 24
848 4437 944 4490 christi
956 4453 1046 4490 seruus
1059 4453 1086 4502 o,
1107 4433 1258 4490 christiD
1292 4439 1317 4490 21
1330 4437 1345 4490 ct

249 4523 326 4590 (corte
336 4523 453 4592 corpore)
463 4527 549 4578 om&
607 4523 719 4576 instruit
729 4539 806 4576 noso
857 4521 953 4590 paulus
967 4539 1015 4578 om.
1030 4523 1068 4580 W
