3084 5442
541 617 586 668 De
603 613 824 666 mortalitate
848 629 868 664 c.
889 611 1001 666 20-23.
1275 611 1337 676 311

229 773 281 840 turi
294 773 323 838 et
335 771 492 837 reformari
506 769 545 834 ad
559 767 677 832 Christi
692 767 828 848 speciem
844 767 875 830 et
890 767 930 830 61
946 767 1087 832 coelestis
1101 767 1221 852 gratioe
1234 767 1339 848 digni-

231 879 314 942 tatem
324 875 412 938 citius
423 873 564 956 exoptet?
578 871 677 936 Paulo
687 869 825 952 apostolo
838 869 1044 950 praedicante,
1060 871 1196 936 nostra
1210 871 1339 936 autem

231 977 471 1054 conuersatio,
504 975 624 1056 iuquit,
646 977 686 1040 in
708 973 830 1039 caelis
854 975 928 1052 est,
952 973 1051 1036 uude
1074 975 1111 1038 et
1134 973 1339 1038 Dominum

231 1083 455 1166 expectamus
476 1081 605 1145 Iesum
621 1079 824 1145 Christum
846 1079 911 1160 qui
934 1077 1241 1142 transformabit
1261 1095 1341 1142 cor-

205 1205 287 1272 ppus
305 1185 543 1250 humilitatis
564 1185 720 1250 nostrae
743 1181 1031 1250 conformatum
1054 1181 1205 1266 corpori
1228 1181 1339 1246 clari·

230 1289 312 1354 tatis
331 1307 426 1352 suae.
455 1287 533 1351 tales
553 1305 608 1352 nos
629 1287 751 1352 futuros
771 1287 804 1350 et
826 1283 968 1350 Christus
990 1285 1141 1350 Dominus
1162 1283 1338 1368 pollicetur,

231 1391 335 1474 qnando
355 1392 390 1454 ut
410 1409 481 1456 oum
502 1391 557 1454 illo
579 1391 678 1456 simus
694 1391 726 1456 66
741 1409 814 1454 cum
828 1389 884 1454 illo
899 1391 933 1454 in
948 1389 1082 1454 aeternis
1098 1387 1223 1454 sedibus
1240 1387 1340 1472 adque

231 1493 371 1578 iurcgnis
407 1493 587 1561 caelestibus
621 1495 814 1578 gaudeamus
847 1493 968 1574 patrem
999 1511 1054 1574 pro
1081 1493 1169 1558 nobis
1197 1493 1341 1574 precatur

232 1599 471 1678 ticenszpater,
495 1617 592 1680 quos
614 1597 710 1662 mihi
733 1595 886 1662 dedisti
909 1597 995 1662 uolo
1018 1599 1060 1662 ut
1081 1597 1146 1662 ubi
1169 1615 1236 1682 ego
1259 1615 1340 1662 sum

207 1703 266 1766 666
291 1701 363 1782 ipsi
395 1702 474 1766 sint
504 1721 651 1766 mecum
684 1705 722 1766 et
755 1699 920 1766 uideant
958 1701 1191 1766 claritatem
1228 1721 1340 1784 quarn

232 1805 319 1870 mihi
339 1803 485 1868 dedisti
511 1805 737 1886 priusquam
764 1805 929 1874 mundus
958 1805 1090 1870 fieret.
1125 1807 1274 1870 uenturus
1301 1805 1340 1870 ad

139 1912 142 1933 '
233 1905 332 1970 Christi
356 1907 471 1986 sedem,
504 1909 542 1971 ad
564 1927 729 1994 regnorum
751 1907 933 1972 caelestium
955 1907 1130 1972 claritatem
1152 1907 1258 1990 lugere
1279 1927 1340 1974 non

233 2009 311 2075 tebet
335 2011 365 2074 at
392 2012 533 2094 plangere
566 2011 620 2075 sed
651 2011 756 2092 potius
790 1997 959 2074 secundum
989 2009 1247 2090 pollicitationem
1275 2009 1339 2076 Do-

233 2113 313 2192 mini,
332 2115 494 2178 secuudum
507 2113 600 2180 fidem
615 2115 682 2179 ueri
697 2115 730 2178 in
744 2113 934 2196 profectione
949 2113 1007 2178 hac
1023 2135 1078 2180 sua
1093 2115 1124 2178 66
1139 2115 1339 2180 translatione

207 2215 356 2300 ugauderc.

270 2319 314 2384 Sic
327 2321 451 2402 deniquo
465 2321 640 2387 inuenimus
655 2323 687 2386 ct
702 2321 809 2384 Enoch
823 2321 1014 2392 translatum
1029 2339 1094 2384 esse
1109 2321 1163 2402 qui
1185 2321 1249 2384 Deo
1270 2323 1337 2402 pla·
1349 2329 1389 2390 23

234 2423 302 2501 cuit,
323 2423 398 2486 siout
417 2423 450 2486 in
471 2421 581 2488 Genesi
603 2423 737 2488 testatur
759 2423 790 2486 66
813 2423 951 2504 loquitur
973 2423 1128 2504 scriptura
1150 2423 1271 2486 diuina:
1303 2427 1339 2488 ot

139 2512 144 2536 ²
233 2525 365 2608 placuit
385 2525 510 2590 Enoch
530 2527 605 2590 Deo
628 2527 667 2590 et
688 2525 842 2592 nonest
864 2525 1049 2592 inuentus
1071 2525 1338 2606 postmodum,

234 2629 313 2712 quia
331 2631 427 2696 Deus
452 2629 569 2694 illum
597 2629 829 2696 transtulit.
864 2629 920 2694 hoo
947 2627 1008 2694 fuit
1034 2629 1185 2710 placuisse
1210 2629 1244 2694 in
1268 2649 1340 2696 con-

207 2734 326 2814 aspectu
338 2733 394 2797 Dei
407 2733 444 2796 de
457 2733 514 2796 hoc
528 2735 668 2816 motagio
684 2731 799 2796 saeculi
815 2733 963 2796 meruisse
976 2731 1146 2798 transferri.
1172 2733 1226 2796 sed
1241 2733 1272 2796 et
1286 2753 1341 2814 por

233 2835 408 2902 Salomonem
421 2837 508 2900 docet
522 2833 656 2918 Spiritus
671 2837 796 2902 sanctus
813 2853 863 2900 eos
880 2835 933 2918 qui
949 2835 1013 2898 Deo
1029 2835 1170 2916 placeant
1185 2835 1340 2900 maturius

232 2939 312 3002 istinc
326 2939 414 3004 eximi
428 2939 459 3002 et
473 2939 566 3002 citius
579 2939 722 3017 libcrari,
746 2957 785 3002 ne
801 2939 877 3000 dum
892 2937 924 3002 in
939 2937 1001 3000 isto
1018 2939 1131 3002 mundo
1147 2939 1266 3002 diutius
1291 2939 1340 3002 in-

232 3041 374 3106 morentur
393 3041 499 3105 mundi
525 3041 716 3107 contactibus
736 3039 932 3126 polluantur:
967 3041 1102 3124 raptus
1126 3041 1185 3106 est
1213 3037 1337 3128 [inquit]

231 3145 616 3212 romalitiamutarot
636 3145 893 3210 intellectum
916 3143 1043 3208 illius.
1068 3145 1217 3224 placita
1240 3145 1339 3210 enim

206 3249 397 3314 oeratDeo
418 3248 541 3314 anima
562 3249 654 3314 eius,
688 3249 851 3332 proptor
880 3247 951 3312 hoc
983 3247 1214 3332 properauit
1249 3249 1338 3314 edu·

233 3371 302 3418 cere
323 3371 402 3418 eum
423 3353 465 3416 da
486 3353 612 3416 media
634 3353 864 3434 iniquitate.
889 3353 934 3416 sic
949 3353 981 3416 66
995 3353 1028 3416 in
1042 3353 1172 3434 psalmis
1188 3353 1226 3416 ad
1238 3353 1339 3416 Deum

320 3559 548 3628 trutanam.
602 3559 677 3614 alo.
687 3559 728 3625 17,
738 3559 779 3614 24.
835 3559 866 3612 17
881 3559 947 3614 Gen.
958 3559 983 3624 5,
992 3559 1031 3614 24.
1085 3557 1120 3612 23
1133 3557 1193 3628 Sap.
1206 3559 1283 3624 4,11‚
1298 3559 1339 3618 14.

276 3735 290 3786 1
306 3734 485 3788 6666166666
497 3733 632 3788 36166166
709 3733 827 3804 gratiae]
840 3733 942 3802 gloriae
955 3749 971 3788 6
1052 3733 1069 3788 2
1087 3731 1169 3788 citius
1183 3731 1340 3798 SOWGV,

142 3855 146 3863 ·
234 3821 314 3876 666166
324 3821 426 3878 citioso
476 3821 645 3890 praedicante
657 3825 686 3876 66
698 3821 834 3878 dicentes
887 3821 1046 3876 3incaelis
1060 3821 1110 3890 666]
1124 3821 1248 3876 caelestis
1262 3821 1289 3874 G

231 3907 576 3964 ltransiormaoitSWGO
651 3908 891 3962 boomformatum
904 3905 939 3972 S,
957 3907 1181 3978 configuratumc
1259 3905 1337 3962 cru-

231 3995 389 4050 masmae
436 3995 605 4064 polliciturO
656 3995 673 4048 'l
685 3997 728 4064 ut]
741 3997 769 4049 et
786 3995 813 4048 G
865 3995 1013 4050 sumusSG
1065 3993 1289 4064 cumlcuminG

231 4079 449 4146 sedibuoSWGV,
458 4079 561 4136 sedibus
570 4083 692 4136 uiuamus
701 4081 740 4138 Ov
787 4079 845 4150 adq.
857 4081 915 4134 inr.
927 4081 1047 4136 666166.
1060 4079 1085 4136 G
1131 4081 1147 4134 9
1160 4097 1219 4134 sum
1227 4079 1256 4144 S,
1265 4079 1339 4134 tiore

138 4160 140 4167 ’
235 4165 331 4224 owov
379 4168 411 4222 lo
427 4171 455 4222 et
465 4169 518 4238 ipsi
528 4169 584 4222 sint
596 4185 630 4222 66
641 4169 728 4238 ipsint
742 4169 849 4224 Wra2
902 4167 936 4220 13
953 4169 990 4236 66]
1004 4183 1079 4222 6666
1136 4167 1170 4222 14
1188 4167 1256 4238 ucri]
1269 4167 1339 4222 ueri·

232 4253 290 4306 tatia
299 4271 326 4320 6,
337 4253 410 4308 uerbi
420 4255 523 4324 otipaot
531 4255 647 4320 codices,
667 4257 746 4310 uerbi
754 4253 881 4310 ueritatis
891 4253 1081 4324 reponendum
1093 4259 1185 4310 666661
1193 4253 1289 4310 auaro

231 4338 408 4404 obsessiones
472 4341 522 4396 hac
541 4343 628 4396 cm.S
705 4341 911 4397 translationem
932 4339 1100 4412 gauderesO
1169 4339 1277 4412 206611]
1300 4343 1339 4396 sio

232 4423 374 4496 Krabiaper
422 4427 671 4484 2166166666160
721 4431 830 4498 placent
847 4427 886 4484 G*
950 4429 985 4484 22
1004 4427 1109 4482 661668
1171 4427 1339 4484 inmorentur

237 4511 290 4566 We.
302 4513 319 4566 1.
329 4517 393 4568 662
465 4515 500 4568 23
516 4517 719 4586 contagionibus
732 4517 771 4574 W
847 4517 938 4586 inquit
952 4531 1001 4570 666.
1016 4513 1136 4570 sWGo
1217 4515 1252 4568 25
1270 4515 1337 4586 eius]

139 4584 144 4633 l
237 4595 335 4652 illisas
398 4599 1019 4672 2616666661661666661666661116160
1088 4601 1225 4656 domiuum
1238 4601 1289 4658 S¹o
