<?xml version="1.0" encoding="UTF-8"?>
<!DOCTYPE html PUBLIC "-//W3C//DTD XHTML 1.0 Transitional//EN"
    "http://www.w3.org/TR/xhtml1/DTD/xhtml1-transitional.dtd">
<html xmlns="http://www.w3.org/1999/xhtml" xml:lang="en" lang="en">
 <head>
  <title>
</title>
<meta http-equiv="Content-Type" content="text/html;charset=utf-8" />
  <meta name='ocr-system' content='tesseract 3.04.00' />
  <meta name='ocr-capabilities' content='ocr_page ocr_carea ocr_par ocr_line ocrx_word'/>
</head>
<body>
  <div class='ocr_page' id='page_1' title='image "./sthascicaecilic01hartgoog/sthascicaecilic01hartgoog_0700.png"; bbox 0 0 3084 5442; ppageno 0'>
   <div class='ocr_carea' id='block_1_1' title="bbox 559 601 1292 674">
    <p class='ocr_par' dir='ltr' id='par_1_1' title="bbox 559 601 1292 674">
     <span class='ocr_line' id='line_1_1' title="bbox 559 601 1292 674; baseline 0.012 -14"><span class='ocrx_word' id='word_1_1' title='bbox 559 606 719 674; x_wconf 68' lang='lat' dir='ltr'><strong>spretura</strong></span> <span class='ocrx_word' id='word_1_2' title='bbox 735 605 909 660; x_wconf 78' lang='lat' dir='ltr'><strong>nic-uxr.</strong></span> <span class='ocrx_word' id='word_1_3' title='bbox 1231 601 1292 668; x_wconf 81' lang='lat'><strong>695</strong></span> 
     </span>
    </p>
   </div>
   <div class='ocr_carea' id='block_1_2' title="bbox 182 757 1300 1672">
    <p class='ocr_par' dir='ltr' id='par_1_2' title="bbox 182 757 1300 1672">
     <span class='ocr_line' id='line_1_2' title="bbox 193 757 1295 848; baseline -0.005 -18"><span class='ocrx_word' id='word_1_4' title='bbox 193 763 438 848; x_wconf 71' lang='lat' dir='ltr'>deprecationibus</span> <span class='ocrx_word' id='word_1_5' title='bbox 468 764 590 830; x_wconf 89' lang='lat' dir='ltr'><strong>crebris.</strong></span> <span class='ocrx_word' id='word_1_6' title='bbox 620 763 696 828; x_wconf 87' lang='lat' dir='ltr'><strong>baec</strong></span> <span class='ocrx_word' id='word_1_7' title='bbox 720 761 794 828; x_wconf 85' lang='lat' dir='ltr'><strong>sunt</strong></span> <span class='ocrx_word' id='word_1_8' title='bbox 820 761 900 826; x_wconf 90' lang='lat' dir='ltr'><strong>onim</strong></span> <span class='ocrx_word' id='word_1_9' title='bbox 925 759 1013 824; x_wconf 91' lang='lat' dir='ltr'><strong>uobis</strong></span> <span class='ocrx_word' id='word_1_10' title='bbox 1039 779 1125 824; x_wconf 87' lang='lat' dir='ltr'><strong>arma</strong></span> <span class='ocrx_word' id='word_1_11' title='bbox 1151 757 1295 824; x_wconf 88' lang='lat' dir='ltr'><strong>caelestia</strong></span> 
     </span>
     <span class='ocr_line' id='line_1_3' title="bbox 195 863 1296 952; baseline -0.004 -20"><span class='ocrx_word' id='word_1_12' title='bbox 195 887 260 952; x_wconf 88' lang='lat' dir='ltr'><strong>qnae</strong></span> <span class='ocrx_word' id='word_1_13' title='bbox 278 867 357 932; x_wconf 88' lang='lat' dir='ltr'><strong>stare</strong></span> <span class='ocrx_word' id='word_1_14' title='bbox 372 867 404 932; x_wconf 89' lang='lat' dir='ltr'><strong>et</strong></span> <span class='ocrx_word' id='word_1_15' title='bbox 417 885 614 950; x_wconf 88' lang='lat' dir='ltr'><strong>perseuerare</strong></span> <span class='ocrx_word' id='word_1_16' title='bbox 633 865 756 932; x_wconf 85' lang='lat' dir='ltr'><strong>fortiter</strong></span> <span class='ocrx_word' id='word_1_17' title='bbox 776 863 902 930; x_wconf 88' lang='lat' dir='ltr'><strong>faciunt.</strong></span> <span class='ocrx_word' id='word_1_18' title='bbox 925 863 1001 928; x_wconf 88' lang='lat' dir='ltr'><strong>haec</strong></span> <span class='ocrx_word' id='word_1_19' title='bbox 1016 863 1088 928; x_wconf 87' lang='lat' dir='ltr'><strong>suut</strong></span> <span class='ocrx_word' id='word_1_20' title='bbox 1102 863 1296 928; x_wconf 88' lang='lat' dir='ltr'><strong>munimenta</strong></span> 
     </span>
     <span class='ocr_line' id='line_1_4' title="bbox 195 967 1296 1054; baseline -0.004 -15"><span class='ocrx_word' id='word_1_21' title='bbox 195 969 333 1054; x_wconf 72' lang='lat' dir='ltr'><strong>spiritalia</strong></span> <span class='ocrx_word' id='word_1_22' title='bbox 347 971 378 1034; x_wconf 94' lang='lat' dir='ltr'><strong>et</strong></span> <span class='ocrx_word' id='word_1_23' title='bbox 391 971 457 1034; x_wconf 89' lang='lat' dir='ltr'><strong>tela</strong></span> <span class='ocrx_word' id='word_1_24' title='bbox 471 971 579 1034; x_wconf 91' lang='lat' dir='ltr'><strong>diuina</strong></span> <span class='ocrx_word' id='word_1_25' title='bbox 594 989 674 1052; x_wconf 85' lang='lat' dir='ltr'><strong>quae</strong></span> <span class='ocrx_word' id='word_1_26' title='bbox 688 971 864 1052; x_wconf 90' lang='lat' dir='ltr'><strong>protegunt.</strong></span> <span class='ocrx_word' id='word_1_27' title='bbox 886 987 1036 1034; x_wconf 79' lang='lat' dir='ltr'>memores</span> <span class='ocrx_word' id='word_1_28' title='bbox 1051 967 1148 1034; x_wconf 88' lang='lat' dir='ltr'><strong>nostri</strong></span> <span class='ocrx_word' id='word_1_29' title='bbox 1162 969 1296 1034; x_wconf 90' lang='lat' dir='ltr'><strong>inuicem</strong></span> 
     </span>
     <span class='ocr_line' id='line_1_5' title="bbox 196 1073 1298 1154; baseline -0.004 -14"><span class='ocrx_word' id='word_1_30' title='bbox 196 1075 289 1148; x_wconf 78' lang='lat' dir='ltr'><strong>dnus,</strong></span> <span class='ocrx_word' id='word_1_31' title='bbox 311 1073 470 1138; x_wconf 89' lang='lat' dir='ltr'><strong>concordes</strong></span> <span class='ocrx_word' id='word_1_32' title='bbox 491 1073 591 1154; x_wconf 90' lang='lat' dir='ltr'><strong>adque</strong></span> <span class='ocrx_word' id='word_1_33' title='bbox 613 1073 782 1150; x_wconf 79' lang='lat' dir='ltr'><strong>unanimos,</strong></span> <span class='ocrx_word' id='word_1_34' title='bbox 808 1073 973 1154; x_wconf 76' lang='lat' dir='ltr'><strong>utrubique</strong></span> <span class='ocrx_word' id='word_1_35' title='bbox 997 1091 1051 1154; x_wconf 94' lang='lat' dir='ltr'><strong>pro</strong></span> <span class='ocrx_word' id='word_1_36' title='bbox 1072 1073 1159 1137; x_wconf 89' lang='lat' dir='ltr'><strong>uobis</strong></span> <span class='ocrx_word' id='word_1_37' title='bbox 1180 1091 1298 1154; x_wconf 90' lang='lat' dir='ltr'><strong>semper</strong></span> 
     </span>
     <span class='ocr_line' id='line_1_6' title="bbox 182 1175 1297 1260; baseline 0.002 -22"><span class='ocrx_word' id='word_1_38' title='bbox 182 1193 314 1252; x_wconf 73' lang='lat' dir='ltr'><strong>sonemus</strong></span> <span class='ocrx_word' id='word_1_39' title='bbox 336 1193 491 1257; x_wconf 77' lang='lat' dir='ltr'><strong>pressuras</strong></span> <span class='ocrx_word' id='word_1_40' title='bbox 507 1177 539 1240; x_wconf 86' lang='lat' dir='ltr'><strong>ct</strong></span> <span class='ocrx_word' id='word_1_41' title='bbox 554 1177 713 1260; x_wconf 86' lang='lat' dir='ltr'><strong>angustias</strong></span> <span class='ocrx_word' id='word_1_42' title='bbox 736 1175 846 1240; x_wconf 87' lang='lat' dir='ltr'><strong>mutua</strong></span> <span class='ocrx_word' id='word_1_43' title='bbox 869 1175 996 1238; x_wconf 90' lang='lat' dir='ltr'><strong>caritate</strong></span> <span class='ocrx_word' id='word_1_44' title='bbox 1018 1175 1199 1254; x_wconf 77' lang='lat' dir='ltr'><strong>retenemus</strong></span> <span class='ocrx_word' id='word_1_45' title='bbox 1225 1179 1256 1242; x_wconf 92' lang='lat' dir='ltr'><strong>et</strong></span> <span class='ocrx_word' id='word_1_46' title='bbox 1270 1177 1297 1240; x_wconf 87' lang='lat' dir='ltr'><strong>si</strong></span> 
     </span>
     <span class='ocr_line' id='line_1_7' title="bbox 196 1277 1298 1362; baseline 0 -20"><span class='ocrx_word' id='word_1_47' title='bbox 196 1277 254 1362; x_wconf 87' lang='lat' dir='ltr'><strong>quis</strong></span> <span class='ocrx_word' id='word_1_48' title='bbox 273 1277 362 1340; x_wconf 86' lang='lat' dir='ltr'><strong>istinc</strong></span> <span class='ocrx_word' id='word_1_49' title='bbox 381 1278 521 1342; x_wconf 87' lang='lat' dir='ltr'><strong>nostrum</strong></span> <span class='ocrx_word' id='word_1_50' title='bbox 541 1278 626 1358; x_wconf 89' lang='lat' dir='ltr'><strong>prior</strong></span> <span class='ocrx_word' id='word_1_51' title='bbox 646 1279 768 1342; x_wconf 90' lang='lat' dir='ltr'><strong>diuinae</strong></span> <span class='ocrx_word' id='word_1_52' title='bbox 785 1277 971 1360; x_wconf 68' lang='lat' dir='ltr'><strong>dignationis</strong></span> <span class='ocrx_word' id='word_1_53' title='bbox 988 1277 1144 1342; x_wconf 88' lang='lat' dir='ltr'><strong>celeritate</strong></span> <span class='ocrx_word' id='word_1_54' title='bbox 1159 1297 1298 1362; x_wconf 89' lang='lat' dir='ltr'><strong>praeces-</strong></span> 
     </span>
     <span class='ocr_line' id='line_1_8' title="bbox 196 1379 1298 1464; baseline 0.001 -19"><span class='ocrx_word' id='word_1_55' title='bbox 196 1381 269 1456; x_wconf 77' lang='lat' dir='ltr'><strong>serit,</strong></span> <span class='ocrx_word' id='word_1_56' title='bbox 288 1383 458 1460; x_wconf 88' lang='lat' dir='ltr'><strong>perseueret</strong></span> <span class='ocrx_word' id='word_1_57' title='bbox 479 1381 563 1460; x_wconf 87' lang='lat' dir='ltr'><strong>apud</strong></span> <span class='ocrx_word' id='word_1_58' title='bbox 576 1381 746 1444; x_wconf 89' lang='lat' dir='ltr'><strong>Dominum</strong></span> <span class='ocrx_word' id='word_1_59' title='bbox 760 1381 864 1444; x_wconf 87' lang='lat' dir='ltr'><strong>nostra</strong></span> <span class='ocrx_word' id='word_1_60' title='bbox 879 1379 1011 1460; x_wconf 87' lang='lat' dir='ltr'><strong>dilectio,</strong></span> <span class='ocrx_word' id='word_1_61' title='bbox 1033 1399 1088 1464; x_wconf 90' lang='lat' dir='ltr'><strong>pro</strong></span> <span class='ocrx_word' id='word_1_62' title='bbox 1104 1383 1252 1446; x_wconf 88' lang='lat' dir='ltr'><strong>fratribus</strong></span> <span class='ocrx_word' id='word_1_63' title='bbox 1267 1383 1298 1448; x_wconf 90' lang='lat' dir='ltr'><strong>et</strong></span> 
     </span>
     <span class='ocr_line' id='line_1_9' title="bbox 198 1481 1300 1566; baseline 0 -16"><span class='ocrx_word' id='word_1_64' title='bbox 198 1481 337 1550; x_wconf 87' lang='lat' dir='ltr'><strong>sororibus</strong></span> <span class='ocrx_word' id='word_1_65' title='bbox 362 1485 474 1549; x_wconf 89' lang='lat' dir='ltr'><strong>uostris</strong></span> <span class='ocrx_word' id='word_1_66' title='bbox 501 1485 583 1564; x_wconf 90' lang='lat' dir='ltr'><strong>apud</strong></span> <span class='ocrx_word' id='word_1_67' title='bbox 608 1483 969 1566; x_wconf 85' lang='lat' dir='ltr'><strong>misericordiampatris</strong></span> <span class='ocrx_word' id='word_1_68' title='bbox 993 1503 1053 1550; x_wconf 89' lang='lat' dir='ltr'><strong>non</strong></span> <span class='ocrx_word' id='word_1_69' title='bbox 1074 1487 1171 1550; x_wconf 88' lang='lat' dir='ltr'><strong>cesset</strong></span> <span class='ocrx_word' id='word_1_70' title='bbox 1193 1487 1300 1550; x_wconf 89' lang='lat' dir='ltr'><strong>oratio.</strong></span> 
     </span>
     <span class='ocr_line' id='line_1_10' title="bbox 199 1586 954 1672; baseline 0.001 -20"><span class='ocrx_word' id='word_1_71' title='bbox 199 1586 312 1672; x_wconf 81' lang='lat' dir='ltr'><strong>uptote,</strong></span> <span class='ocrx_word' id='word_1_72' title='bbox 327 1587 421 1650; x_wconf 84' lang='lat' dir='ltr'><strong>trater</strong></span> <span class='ocrx_word' id='word_1_73' title='bbox 436 1587 603 1664; x_wconf 87' lang='lat' dir='ltr'><strong>carissime,</strong></span> <span class='ocrx_word' id='word_1_74' title='bbox 620 1607 739 1668; x_wconf 78' lang='lat' dir='ltr'><strong>semper</strong></span> <span class='ocrx_word' id='word_1_75' title='bbox 753 1587 830 1652; x_wconf 89' lang='lat' dir='ltr'><strong>beno</strong></span> <span class='ocrx_word' id='word_1_76' title='bbox 844 1587 954 1652; x_wconf 89' lang='lat' dir='ltr'><strong>ualere.</strong></span> 
     </span>
    </p>
   </div>
   <div class='ocr_carea' id='block_1_3' title="bbox 469 1877 1017 1988">
    <p class='ocr_par' dir='ltr' id='par_1_3' title="bbox 469 1877 1017 1988">
     <span class='ocr_line' id='line_1_11' title="bbox 469 1877 1017 1988; baseline 0.004 -2"><span class='ocrx_word' id='word_1_77' title='bbox 469 1877 839 1988; x_wconf 78' lang='lat' dir='ltr'>EPISTVLA</span> <span class='ocrx_word' id='word_1_78' title='bbox 875 1877 1017 1988; x_wconf 82' lang='lat' dir='ltr'>LXI.</span> 
     </span>
    </p>
   </div>
   <div class='ocr_carea' id='block_1_4' title="bbox 349 2081 1151 2138">
    <p class='ocr_par' dir='ltr' id='par_1_4' title="bbox 349 2081 1151 2138">
     <span class='ocr_line' id='line_1_12' title="bbox 349 2081 1151 2138; baseline -0.001 -3"><span class='ocrx_word' id='word_1_79' title='bbox 349 2081 551 2136; x_wconf 81' lang='lat' dir='ltr'><strong>CYPRIANVS</strong></span> <span class='ocrx_word' id='word_1_80' title='bbox 573 2081 648 2136; x_wconf 81' lang='lat' dir='ltr'><strong>CVM</strong></span> <span class='ocrx_word' id='word_1_81' title='bbox 666 2081 836 2138; x_wconf 69' lang='lat' dir='ltr'><strong>conducis</strong></span> <span class='ocrx_word' id='word_1_82' title='bbox 854 2081 957 2138; x_wconf 74' lang='lat' dir='ltr'><strong>ubero</strong></span> <span class='ocrx_word' id='word_1_83' title='bbox 976 2081 1109 2136; x_wconf 82' lang='lat' dir='ltr'><strong>FRATRI</strong></span> <span class='ocrx_word' id='word_1_84' title='bbox 1127 2081 1151 2136; x_wconf 83' lang='lat' dir='ltr'><strong>S.</strong></span> 
     </span>
    </p>
   </div>
   <div class='ocr_carea' id='block_1_5' title="bbox 180 2251 1332 2648">
    <p class='ocr_par' dir='ltr' id='par_1_5' title="bbox 204 2251 1332 2543">
     <span class='ocr_line' id='line_1_13' title="bbox 240 2251 1332 2336; baseline 0.007 -20"><span class='ocrx_word' id='word_1_85' title='bbox 240 2251 278 2316; x_wconf 80' lang='lat' dir='ltr'><strong>Et</strong></span> <span class='ocrx_word' id='word_1_86' title='bbox 291 2271 385 2336; x_wconf 86' lang='lat' dir='ltr'><strong>nuper</strong></span> <span class='ocrx_word' id='word_1_87' title='bbox 398 2255 524 2336; x_wconf 88' lang='lat' dir='ltr'><strong>quidem</strong></span> <span class='ocrx_word' id='word_1_88' title='bbox 538 2255 608 2332; x_wconf 83' lang='lat' dir='ltr'><strong>tibi,</strong></span> <span class='ocrx_word' id='word_1_89' title='bbox 624 2255 719 2318; x_wconf 88' lang='lat' dir='ltr'><strong>frater</strong></span> <span class='ocrx_word' id='word_1_90' title='bbox 740 2253 906 2332; x_wconf 78' lang='lat' dir='ltr'><strong>carissime,</strong></span> <span class='ocrx_word' id='word_1_91' title='bbox 929 2255 1078 2336; x_wconf 88' lang='lat' dir='ltr'><strong>gratulati</strong></span> <span class='ocrx_word' id='word_1_92' title='bbox 1099 2273 1213 2332; x_wconf 85' lang='lat' dir='ltr'><strong>sumus,</strong></span> <span class='ocrx_word' id='word_1_93' title='bbox 1237 2261 1332 2324; x_wconf 90' lang='lat' dir='ltr'><strong>curnl</strong></span> 
     </span>
     <span class='ocr_line' id='line_1_14' title="bbox 204 2355 1307 2440; baseline 0.001 -20"><span class='ocrx_word' id='word_1_94' title='bbox 204 2355 350 2420; x_wconf 85' lang='lat' dir='ltr'><strong>tohonore</strong></span> <span class='ocrx_word' id='word_1_95' title='bbox 363 2357 520 2440; x_wconf 90' lang='lat' dir='ltr'><strong>geminato</strong></span> <span class='ocrx_word' id='word_1_96' title='bbox 535 2359 569 2428; x_wconf 89' lang='lat' dir='ltr'><strong>in</strong></span> <span class='ocrx_word' id='word_1_97' title='bbox 583 2357 730 2422; x_wconf 88' lang='lat' dir='ltr'><strong>ecclesiae</strong></span> <span class='ocrx_word' id='word_1_98' title='bbox 744 2375 818 2420; x_wconf 86' lang='lat' dir='ltr'><strong>suae</strong></span> <span class='ocrx_word' id='word_1_99' title='bbox 829 2357 1093 2422; x_wconf 66' lang='lat' dir='ltr'><strong>administratione</strong></span> <span class='ocrx_word' id='word_1_100' title='bbox 1106 2357 1307 2422; x_wconf 86' lang='lat' dir='ltr'><strong>confessorem</strong></span> 
     </span>
     <span class='ocr_line' id='line_1_15' title="bbox 204 2457 1309 2543; baseline 0.001 -19"><span class='ocrx_word' id='word_1_101' title='bbox 204 2461 309 2543; x_wconf 86' lang='lat' dir='ltr'><strong>paritor</strong></span> <span class='ocrx_word' id='word_1_102' title='bbox 323 2461 353 2524; x_wconf 93' lang='lat' dir='ltr'><strong>et</strong></span> <span class='ocrx_word' id='word_1_103' title='bbox 367 2461 557 2524; x_wconf 77' lang='lat' dir='ltr'><strong>sacerdotem</strong></span> <span class='ocrx_word' id='word_1_104' title='bbox 576 2459 740 2524; x_wconf 86' lang='lat' dir='ltr'><strong>constituit</strong></span> <span class='ocrx_word' id='word_1_105' title='bbox 753 2459 859 2522; x_wconf 87' lang='lat' dir='ltr'><strong>diuina</strong></span> <span class='ocrx_word' id='word_1_106' title='bbox 874 2459 1019 2536; x_wconf 83' lang='lat' dir='ltr'><strong>dignatio.</strong></span> <span class='ocrx_word' id='word_1_107' title='bbox 1043 2457 1097 2522; x_wconf 90' lang='lat' dir='ltr'><strong>sed</strong></span> <span class='ocrx_word' id='word_1_108' title='bbox 1112 2461 1142 2522; x_wconf 87' lang='lat' dir='ltr'><strong>et</strong></span> <span class='ocrx_word' id='word_1_109' title='bbox 1156 2477 1236 2522; x_wconf 91' lang='lat' dir='ltr'><strong>nuuc</strong></span> <span class='ocrx_word' id='word_1_110' title='bbox 1249 2481 1309 2526; x_wconf 92' lang='lat' dir='ltr'><strong>non</strong></span> 
     </span>
    </p>

    <p class='ocr_par' dir='ltr' id='par_1_6' title="bbox 180 2561 1310 2648">
     <span class='ocr_line' id='line_1_16' title="bbox 180 2561 1310 2648; baseline -0.004 -17"><span class='ocrx_word' id='word_1_111' title='bbox 180 2564 300 2631; x_wconf 71' lang='lat' dir='ltr'><strong>ruminus</strong></span> <span class='ocrx_word' id='word_1_112' title='bbox 315 2563 373 2629; x_wconf 91' lang='lat' dir='ltr'><strong>tibi</strong></span> <span class='ocrx_word' id='word_1_113' title='bbox 387 2563 419 2626; x_wconf 94' lang='lat' dir='ltr'><strong>et</strong></span> <span class='ocrx_word' id='word_1_114' title='bbox 433 2563 599 2628; x_wconf 83' lang='lat' dir='ltr'><strong>comitibus</strong></span> <span class='ocrx_word' id='word_1_115' title='bbox 613 2563 677 2626; x_wconf 91' lang='lat' dir='ltr'><strong>tuis</strong></span> <span class='ocrx_word' id='word_1_116' title='bbox 691 2563 789 2646; x_wconf 89' lang='lat' dir='ltr'><strong>adque</strong></span> <span class='ocrx_word' id='word_1_117' title='bbox 812 2563 971 2626; x_wconf 89' lang='lat' dir='ltr'><strong>uniuersae</strong></span> <span class='ocrx_word' id='word_1_118' title='bbox 994 2561 1182 2626; x_wconf 86' lang='lat' dir='ltr'><strong>fraternitati</strong></span> <span class='ocrx_word' id='word_1_119' title='bbox 1203 2563 1310 2648; x_wconf 87' lang='lat' dir='ltr'><strong>gratu·</strong></span> 
     </span>
    </p>
   </div>
   <div class='ocr_carea' id='block_1_6' title="bbox 183 2665 1345 3472">
    <p class='ocr_par' dir='ltr' id='par_1_7' title="bbox 207 2665 1310 2750">
     <span class='ocr_line' id='line_1_17' title="bbox 207 2665 1310 2750; baseline 0 -20"><span class='ocrx_word' id='word_1_120' title='bbox 207 2667 298 2731; x_wconf 85' lang='lat' dir='ltr'><strong>larum</strong></span> <span class='ocrx_word' id='word_1_121' title='bbox 320 2667 491 2748; x_wconf 88' lang='lat' dir='ltr'><strong>quodcum</strong></span> <span class='ocrx_word' id='word_1_122' title='bbox 512 2669 620 2732; x_wconf 92' lang='lat' dir='ltr'><strong>eadem</strong></span> <span class='ocrx_word' id='word_1_123' title='bbox 642 2667 741 2750; x_wconf 87' lang='lat' dir='ltr'><strong>gloria</strong></span> <span class='ocrx_word' id='word_1_124' title='bbox 764 2667 795 2728; x_wconf 89' lang='lat' dir='ltr'><strong>et</strong></span> <span class='ocrx_word' id='word_1_125' title='bbox 820 2665 961 2730; x_wconf 82' lang='lat' dir='ltr'><strong>laudibus</strong></span> <span class='ocrx_word' id='word_1_126' title='bbox 982 2665 1094 2730; x_wconf 88' lang='lat' dir='ltr'><strong>uestris</strong></span> <span class='ocrx_word' id='word_1_127' title='bbox 1117 2667 1241 2730; x_wconf 86' lang='lat' dir='ltr'><strong>reduces</strong></span> <span class='ocrx_word' id='word_1_128' title='bbox 1256 2685 1310 2730; x_wconf 92' lang='lat' dir='ltr'><strong>uos</strong></span> 
     </span>
    </p>

    <p class='ocr_par' dir='ltr' id='par_1_8' title="bbox 207 2767 1312 2854">
     <span class='ocr_line' id='line_1_18' title="bbox 207 2767 1312 2854; baseline 0 -22"><span class='ocrx_word' id='word_1_129' title='bbox 207 2769 295 2834; x_wconf 88' lang='lat' dir='ltr'><strong>denuo</strong></span> <span class='ocrx_word' id='word_1_130' title='bbox 320 2771 358 2834; x_wconf 91' lang='lat' dir='ltr'><strong>ad</strong></span> <span class='ocrx_word' id='word_1_131' title='bbox 383 2789 454 2834; x_wconf 87' lang='lat' dir='ltr'><strong>suos</strong></span> <span class='ocrx_word' id='word_1_132' title='bbox 479 2771 587 2834; x_wconf 86' lang='lat' dir='ltr'><strong>fecerit</strong></span> <span class='ocrx_word' id='word_1_133' title='bbox 612 2769 746 2854; x_wconf 86' lang='lat' dir='ltr'><strong>benigna</strong></span> <span class='ocrx_word' id='word_1_134' title='bbox 768 2769 896 2834; x_wconf 89' lang='lat' dir='ltr'><strong>Domini</strong></span> <span class='ocrx_word' id='word_1_135' title='bbox 913 2771 953 2834; x_wconf 93' lang='lat' dir='ltr'><strong>et</strong></span> <span class='ocrx_word' id='word_1_136' title='bbox 979 2769 1067 2852; x_wconf 88' lang='lat' dir='ltr'><strong>larga</strong></span> <span class='ocrx_word' id='word_1_137' title='bbox 1091 2767 1250 2850; x_wconf 87' lang='lat' dir='ltr'><strong>protectio,</strong></span> <span class='ocrx_word' id='word_1_138' title='bbox 1276 2771 1312 2832; x_wconf 89' lang='lat' dir='ltr'><strong>ut</strong></span> 
     </span>
    </p>

    <p class='ocr_par' dir='ltr' id='par_1_9' title="bbox 207 2871 1312 2958">
     <span class='ocr_line' id='line_1_19' title="bbox 207 2871 1312 2958; baseline 0 -22"><span class='ocrx_word' id='word_1_139' title='bbox 207 2873 344 2954; x_wconf 88' lang='lat' dir='ltr'><strong>pascendo</strong></span> <span class='ocrx_word' id='word_1_140' title='bbox 366 2873 454 2958; x_wconf 84' lang='lat' dir='ltr'><strong>gregi</strong></span> <span class='ocrx_word' id='word_1_141' title='bbox 476 2875 581 2956; x_wconf 88' lang='lat' dir='ltr'><strong>pastor</strong></span> <span class='ocrx_word' id='word_1_142' title='bbox 597 2875 629 2938; x_wconf 89' lang='lat' dir='ltr'><strong>et</strong></span> <span class='ocrx_word' id='word_1_143' title='bbox 644 2873 856 2958; x_wconf 89' lang='lat' dir='ltr'><strong>gubernandae</strong></span> <span class='ocrx_word' id='word_1_144' title='bbox 878 2873 950 2936; x_wconf 89' lang='lat' dir='ltr'><strong>naui</strong></span> <span class='ocrx_word' id='word_1_145' title='bbox 972 2873 1157 2956; x_wconf 87' lang='lat' dir='ltr'><strong>guberuator</strong></span> <span class='ocrx_word' id='word_1_146' title='bbox 1177 2873 1208 2936; x_wconf 88' lang='lat' dir='ltr'><strong>et</strong></span> <span class='ocrx_word' id='word_1_147' title='bbox 1230 2871 1312 2954; x_wconf 89' lang='lat' dir='ltr'><strong>plebi</strong></span> 
     </span>
    </p>

    <p class='ocr_par' dir='ltr' id='par_1_10' title="bbox 183 2975 1313 3162">
     <span class='ocr_line' id='line_1_20' title="bbox 207 2975 1313 3060; baseline 0 -22"><span class='ocrx_word' id='word_1_148' title='bbox 207 2975 344 3060; x_wconf 86' lang='lat' dir='ltr'><strong>regendae</strong></span> <span class='ocrx_word' id='word_1_149' title='bbox 363 2977 461 3040; x_wconf 91' lang='lat' dir='ltr'><strong>rector</strong></span> <span class='ocrx_word' id='word_1_150' title='bbox 474 2975 653 3040; x_wconf 84' lang='lat' dir='ltr'><strong>redderetur</strong></span> <span class='ocrx_word' id='word_1_151' title='bbox 669 2979 700 3040; x_wconf 89' lang='lat' dir='ltr'><strong>et</strong></span> <span class='ocrx_word' id='word_1_152' title='bbox 714 2977 872 3058; x_wconf 87' lang='lat' dir='ltr'><strong>appareret</strong></span> <span class='ocrx_word' id='word_1_153' title='bbox 886 2975 1104 3060; x_wconf 85' lang='lat' dir='ltr'><strong>relegationem</strong></span> <span class='ocrx_word' id='word_1_154' title='bbox 1119 2977 1253 3040; x_wconf 90' lang='lat' dir='ltr'><strong>uestram</strong></span> <span class='ocrx_word' id='word_1_155' title='bbox 1268 2975 1313 3038; x_wconf 87' lang='lat' dir='ltr'><strong>sic</strong></span> 
     </span>
     <span class='ocr_line' id='line_1_21' title="bbox 183 3077 1313 3162; baseline -0.005 -16"><span class='ocrx_word' id='word_1_156' title='bbox 183 3077 350 3146; x_wconf 84' lang='lat' dir='ltr'><strong>adiuinitns</strong></span> <span class='ocrx_word' id='word_1_157' title='bbox 366 3095 430 3142; x_wconf 86' lang='lat' dir='ltr'><strong>esse</strong></span> <span class='ocrx_word' id='word_1_158' title='bbox 450 3077 644 3160; x_wconf 80' lang='lat' dir='ltr'><strong>dispositam,</strong></span> <span class='ocrx_word' id='word_1_159' title='bbox 665 3095 725 3142; x_wconf 90' lang='lat' dir='ltr'><strong>uon</strong></span> <span class='ocrx_word' id='word_1_160' title='bbox 744 3077 780 3142; x_wconf 91' lang='lat' dir='ltr'><strong>ut</strong></span> <span class='ocrx_word' id='word_1_161' title='bbox 803 3077 957 3158; x_wconf 87' lang='lat' dir='ltr'><strong>episcopus</strong></span> <span class='ocrx_word' id='word_1_162' title='bbox 981 3077 1134 3162; x_wconf 84' lang='lat' dir='ltr'><strong>relegatus</strong></span> <span class='ocrx_word' id='word_1_163' title='bbox 1156 3079 1186 3142; x_wconf 90' lang='lat' dir='ltr'><strong>et</strong></span> <span class='ocrx_word' id='word_1_164' title='bbox 1206 3077 1313 3158; x_wconf 88' lang='lat' dir='ltr'><strong>pulsus</strong></span> 
     </span>
    </p>

    <p class='ocr_par' dir='ltr' id='par_1_11' title="bbox 213 3179 1088 3265">
     <span class='ocr_line' id='line_1_22' title="bbox 213 3179 1088 3265; baseline -0.002 -19"><span class='ocrx_word' id='word_1_165' title='bbox 213 3181 347 3248; x_wconf 86' lang='lat' dir='ltr'><strong>ecclesiae</strong></span> <span class='ocrx_word' id='word_1_166' title='bbox 361 3181 488 3265; x_wconf 89' lang='lat' dir='ltr'><strong>deesset,</strong></span> <span class='ocrx_word' id='word_1_167' title='bbox 505 3183 559 3246; x_wconf 91' lang='lat' dir='ltr'><strong>sed</strong></span> <span class='ocrx_word' id='word_1_168' title='bbox 573 3183 611 3246; x_wconf 91' lang='lat' dir='ltr'><strong>ut</strong></span> <span class='ocrx_word' id='word_1_169' title='bbox 625 3183 664 3246; x_wconf 86' lang='lat' dir='ltr'><strong>ad</strong></span> <span class='ocrx_word' id='word_1_170' title='bbox 679 3179 838 3247; x_wconf 86' lang='lat' dir='ltr'><strong>ecclesiam</strong></span> <span class='ocrx_word' id='word_1_171' title='bbox 853 3181 949 3245; x_wconf 86' lang='lat' dir='ltr'><strong>maior</strong></span> <span class='ocrx_word' id='word_1_172' title='bbox 964 3179 1088 3246; x_wconf 89' lang='lat' dir='ltr'><strong>rediret.</strong></span> 
     </span>
    </p>

    <p class='ocr_par' dir='ltr' id='par_1_12' title="bbox 210 3281 1345 3472">
     <span class='ocr_line' id='line_1_23' title="bbox 248 3281 1345 3368; baseline -0.002 -20"><span class='ocrx_word' id='word_1_173' title='bbox 248 3285 348 3368; x_wconf 87' lang='lat' dir='ltr'><strong>Neque</strong></span> <span class='ocrx_word' id='word_1_174' title='bbox 363 3286 444 3350; x_wconf 90' lang='lat' dir='ltr'><strong>enim</strong></span> <span class='ocrx_word' id='word_1_175' title='bbox 459 3285 492 3348; x_wconf 93' lang='lat' dir='ltr'><strong>in</strong></span> <span class='ocrx_word' id='word_1_176' title='bbox 507 3285 608 3350; x_wconf 87' lang='lat' dir='ltr'><strong>tribus</strong></span> <span class='ocrx_word' id='word_1_177' title='bbox 623 3285 729 3366; x_wconf 88' lang='lat' dir='ltr'><strong>pueris</strong></span> <span class='ocrx_word' id='word_1_178' title='bbox 744 3283 843 3350; x_wconf 90' lang='lat' dir='ltr'><strong>minor</strong></span> <span class='ocrx_word' id='word_1_179' title='bbox 859 3281 919 3346; x_wconf 89' lang='lat' dir='ltr'><strong>fuit</strong></span> <span class='ocrx_word' id='word_1_180' title='bbox 930 3283 1073 3366; x_wconf 87' lang='lat' dir='ltr'><strong>martyrii</strong></span> <span class='ocrx_word' id='word_1_181' title='bbox 1086 3283 1228 3366; x_wconf 87' lang='lat' dir='ltr'><strong>dignitas,</strong></span> <span class='ocrx_word' id='word_1_182' title='bbox 1245 3281 1345 3364; x_wconf 66' lang='lat' dir='ltr'><strong>quiet</strong></span> 
     </span>
     <span class='ocr_line' id='line_1_24' title="bbox 210 3387 1316 3472; baseline 0 -22"><span class='ocrx_word' id='word_1_183' title='bbox 210 3389 300 3450; x_wconf 87' lang='lat' dir='ltr'><strong>morte</strong></span> <span class='ocrx_word' id='word_1_184' title='bbox 321 3387 468 3452; x_wconf 83' lang='lat' dir='ltr'><strong>frustrata</strong></span> <span class='ocrx_word' id='word_1_185' title='bbox 483 3389 521 3452; x_wconf 91' lang='lat' dir='ltr'><strong>de</strong></span> <span class='ocrx_word' id='word_1_186' title='bbox 535 3389 655 3454; x_wconf 90' lang='lat' dir='ltr'><strong>camino</strong></span> <span class='ocrx_word' id='word_1_187' title='bbox 669 3389 752 3472; x_wconf 90' lang='lat' dir='ltr'><strong>ignis</strong></span> <span class='ocrx_word' id='word_1_188' title='bbox 766 3387 934 3452; x_wconf 90' lang='lat' dir='ltr'><strong>incolumes</strong></span> <span class='ocrx_word' id='word_1_189' title='bbox 950 3387 1088 3452; x_wconf 81' lang='lat' dir='ltr'><strong>exierunt</strong></span> <span class='ocrx_word' id='word_1_190' title='bbox 1104 3393 1156 3450; x_wconf 84' lang='lat' dir='ltr'><strong>aut</strong></span> <span class='ocrx_word' id='word_1_191' title='bbox 1171 3403 1230 3450; x_wconf 94' lang='lat' dir='ltr'><strong>non</strong></span> <span class='ocrx_word' id='word_1_192' title='bbox 1246 3403 1316 3452; x_wconf 89' lang='lat' dir='ltr'><strong>con-</strong></span> 
     </span>
    </p>
   </div>
   <div class='ocr_carea' id='block_1_7' title="bbox 216 3589 1327 4606">
    <p class='ocr_par' dir='ltr' id='par_1_13' title="bbox 216 3589 1325 4262">
     <span class='ocr_line' id='line_1_25' title="bbox 260 3589 1286 3658; baseline 0 -14"><span class='ocrx_word' id='word_1_193' title='bbox 260 3591 346 3644; x_wconf 85' lang='lat' dir='ltr'><strong>lsnnt</strong></span> <span class='ocrx_word' id='word_1_194' title='bbox 357 3605 406 3644; x_wconf 82' lang='lat' dir='ltr'><strong>ora.</strong></span> <span class='ocrx_word' id='word_1_195' title='bbox 423 3591 473 3647; x_wconf 83' lang='lat' dir='ltr'><strong>GR</strong></span> <span class='ocrx_word' id='word_1_196' title='bbox 612 3593 806 3644; x_wconf 69' lang='lat' dir='ltr'><strong>dmonimenta</strong></span> <span class='ocrx_word' id='word_1_197' title='bbox 822 3591 857 3644; x_wconf 76' lang='lat'><strong>0²</strong></span> <span class='ocrx_word' id='word_1_198' title='bbox 996 3589 1012 3642; x_wconf 88' lang='lat'><strong>3</strong></span> <span class='ocrx_word' id='word_1_199' title='bbox 1024 3589 1159 3658; x_wconf 85' lang='lat' dir='ltr'><strong>spiritalia</strong></span> <span class='ocrx_word' id='word_1_200' title='bbox 1172 3605 1219 3644; x_wconf 86' lang='lat' dir='ltr'><strong>oru.</strong></span> <span class='ocrx_word' id='word_1_201' title='bbox 1238 3589 1286 3646; x_wconf 81' lang='lat' dir='ltr'><strong>GR</strong></span> 
     </span>
     <span class='ocr_line' id='line_1_26' title="bbox 216 3675 1320 3746; baseline 0.003 -18"><span class='ocrx_word' id='word_1_202' title='bbox 216 3677 238 3728; x_wconf 89' lang='lat' dir='ltr'><strong>si</strong></span> <span class='ocrx_word' id='word_1_203' title='bbox 247 3693 368 3730; x_wconf 87' lang='lat' dir='ltr'><strong>memores</strong></span> <span class='ocrx_word' id='word_1_204' title='bbox 381 3677 405 3728; x_wconf 85' lang='grc' dir='ltr'><strong><em>Τ</em></strong></span> <span class='ocrx_word' id='word_1_205' title='bbox 536 3677 554 3730; x_wconf 85' lang='grc'>4</span> <span class='ocrx_word' id='word_1_206' title='bbox 567 3677 660 3746; x_wconf 87' lang='lat' dir='ltr'><strong>simus]</strong></span> <span class='ocrx_word' id='word_1_207' title='bbox 674 3693 763 3730; x_wconf 85' lang='lat' dir='ltr'><strong>sumus</strong></span> <span class='ocrx_word' id='word_1_208' title='bbox 775 3677 830 3730; x_wconf 72' lang='grc' dir='ltr'><strong>ΕΤ</strong></span> <span class='ocrx_word' id='word_1_209' title='bbox 958 3675 1083 3728; x_wconf 84' lang='lat' dir='ltr'><strong>concorde</strong></span> <span class='ocrx_word' id='word_1_210' title='bbox 1097 3691 1129 3728; x_wconf 73' lang='lat' dir='ltr'><strong>ecc</strong></span> <span class='ocrx_word' id='word_1_211' title='bbox 1141 3693 1184 3728; x_wconf 95' lang='lat' dir='ltr'><strong>cor</strong></span> <span class='ocrx_word' id='word_1_212' title='bbox 1196 3677 1271 3728; x_wconf 88' lang='lat' dir='ltr'><strong>corde</strong></span> <span class='ocrx_word' id='word_1_213' title='bbox 1285 3677 1320 3740; x_wconf 88' lang='lat' dir='ltr'><strong>R,</strong></span> 
     </span>
     <span class='ocr_line' id='line_1_27' title="bbox 218 3760 1282 3830; baseline 0.002 -16"><span class='ocrx_word' id='word_1_214' title='bbox 218 3760 286 3815; x_wconf 87' lang='lat' dir='ltr'><strong>corde</strong></span> <span class='ocrx_word' id='word_1_215' title='bbox 299 3763 323 3816; x_wconf 84' lang='lat' dir='ltr'><em>T</em></span> <span class='ocrx_word' id='word_1_216' title='bbox 404 3761 563 3830; x_wconf 87' lang='lat' dir='ltr'><strong>utrnbrique</strong></span> <span class='ocrx_word' id='word_1_217' title='bbox 574 3763 609 3826; x_wconf 85' lang='lat' dir='ltr'><strong>R,</strong></span> <span class='ocrx_word' id='word_1_218' title='bbox 622 3763 728 3830; x_wconf 87' lang='lat' dir='ltr'><strong>utrique</strong></span> <span class='ocrx_word' id='word_1_219' title='bbox 741 3779 775 3818; x_wconf 74' lang='lat' dir='ltr'><strong>es</strong></span> <span class='ocrx_word' id='word_1_220' title='bbox 787 3763 929 3828; x_wconf 85' lang='lat' dir='ltr'><strong>utrumque</strong></span> <span class='ocrx_word' id='word_1_221' title='bbox 943 3761 965 3814; x_wconf 82' lang='grc' dir='ltr'><em>Ο</em></span> <span class='ocrx_word' id='word_1_222' title='bbox 1057 3761 1072 3814; x_wconf 86' lang='lat'>5</span> <span class='ocrx_word' id='word_1_223' title='bbox 1084 3761 1231 3814; x_wconf 87' lang='lat' dir='ltr'><strong>reuelemus</strong></span> <span class='ocrx_word' id='word_1_224' title='bbox 1244 3763 1282 3816; x_wconf 88' lang='lat' dir='ltr'><strong>L¹</strong></span> 
     </span>
     <span class='ocr_line' id='line_1_28' title="bbox 219 3831 1263 3916; baseline 0.002 -16"><span class='ocrx_word' id='word_1_225' title='bbox 219 3845 338 3902; x_wconf 81' lang='lat' dir='ltr'><strong>cisdco</strong></span> <span class='ocrx_word' id='word_1_226' title='bbox 421 3847 572 3902; x_wconf 86' lang='lat' dir='ltr'><strong>caeliritate</strong></span> <span class='ocrx_word' id='word_1_227' title='bbox 585 3847 613 3902; x_wconf 86' lang='lat' dir='ltr'><em>R</em></span> <span class='ocrx_word' id='word_1_228' title='bbox 704 3831 789 3902; x_wconf 68' lang='lat' dir='ltr'><strong>adffi‘</strong></span> <span class='ocrx_word' id='word_1_229' title='bbox 792 3847 818 3902; x_wconf 86' lang='lat' dir='ltr'><em>L</em></span> <span class='ocrx_word' id='word_1_230' title='bbox 907 3847 1033 3900; x_wconf 79' lang='lat' dir='ltr'><strong>asororis</strong></span> <span class='ocrx_word' id='word_1_231' title='bbox 1050 3847 1082 3902; x_wconf 80' lang='lat'><strong>0¹</strong></span> <span class='ocrx_word' id='word_1_232' title='bbox 1174 3849 1263 3916; x_wconf 87' lang='lat' dir='ltr'><strong>9opto</strong></span> 
     </span>
     <span class='ocr_line' id='line_1_29' title="bbox 217 3931 1324 4002; baseline 0.001 -16"><span class='ocrx_word' id='word_1_233' title='bbox 217 3933 298 3986; x_wconf 87' lang='lat' dir='ltr'><strong>ualere</strong></span> <span class='ocrx_word' id='word_1_234' title='bbox 318 3949 365 3987; x_wconf 85' lang='lat' dir='ltr'><strong>om.</strong></span> <span class='ocrx_word' id='word_1_235' title='bbox 382 3935 431 3990; x_wconf 78' lang='lat' dir='ltr'><strong>GL</strong></span> <span class='ocrx_word' id='word_1_236' title='bbox 567 3937 595 3988; x_wconf 91' lang='lat' dir='ltr'><strong>te</strong></span> <span class='ocrx_word' id='word_1_237' title='bbox 613 3950 647 3989; x_wconf 78' lang='lat' dir='ltr'><strong>cer</strong></span> <span class='ocrx_word' id='word_1_238' title='bbox 664 3951 712 3988; x_wconf 90' lang='lat' dir='ltr'><strong>uos</strong></span> <span class='ocrx_word' id='word_1_239' title='bbox 724 3937 758 3990; x_wconf 89' lang='lat' dir='ltr'><strong>P.</strong></span> <span class='ocrx_word' id='word_1_240' title='bbox 773 3965 805 3974; x_wconf 91' lang='lat'><em>-</em></span> <span class='ocrx_word' id='word_1_241' title='bbox 817 3933 859 3986; x_wconf 81' lang='lat' dir='ltr'><strong>Ad</strong></span> <span class='ocrx_word' id='word_1_242' title='bbox 877 3931 1004 4002; x_wconf 82' lang='lat' dir='ltr'><strong>[Explicit</strong></span> <span class='ocrx_word' id='word_1_243' title='bbox 1023 3933 1056 3986; x_wconf 89' lang='lat' dir='ltr'><strong>ad</strong></span> <span class='ocrx_word' id='word_1_244' title='bbox 1068 3933 1105 4000; x_wconf 88' lang='lat' dir='ltr'><strong>P)</strong></span> <span class='ocrx_word' id='word_1_245' title='bbox 1124 3933 1274 3986; x_wconf 81' lang='lat' dir='ltr'><strong>Cornelium</strong></span> <span class='ocrx_word' id='word_1_246' title='bbox 1292 3933 1324 3988; x_wconf 89' lang='lat' dir='ltr'><strong>de</strong></span> 
     </span>
     <span class='ocr_line' id='line_1_30' title="bbox 221 4018 1324 4088; baseline 0.002 -18"><span class='ocrx_word' id='word_1_247' title='bbox 221 4018 372 4073; x_wconf 71' lang='lat' dir='ltr'><strong>adsessione</strong></span> <span class='ocrx_word' id='word_1_248' title='bbox 389 4021 446 4074; x_wconf 86' lang='lat' dir='ltr'><strong>eius</strong></span> <span class='ocrx_word' id='word_1_249' title='bbox 462 4019 574 4088; x_wconf 83' lang='lat' dir='ltr'><strong>explicit</strong></span> <span class='ocrx_word' id='word_1_250' title='bbox 591 4021 653 4088; x_wconf 82' lang='lat' dir='ltr'><strong>(ora.</strong></span> <span class='ocrx_word' id='word_1_251' title='bbox 667 4023 705 4088; x_wconf 81' lang='lat' dir='ltr'><strong>P)</strong></span> <span class='ocrx_word' id='word_1_252' title='bbox 717 4021 779 4084; x_wconf 86' lang='lat' dir='ltr'><strong>LP,</strong></span> <span class='ocrx_word' id='word_1_253' title='bbox 799 4019 839 4074; x_wconf 87' lang='lat' dir='ltr'><strong>Ad</strong></span> <span class='ocrx_word' id='word_1_254' title='bbox 852 4019 1002 4074; x_wconf 87' lang='lat' dir='ltr'><strong>Cornelium</strong></span> <span class='ocrx_word' id='word_1_255' title='bbox 1013 4019 1028 4072; x_wconf 91' lang='lat' dir='ltr'>I</span> <span class='ocrx_word' id='word_1_256' title='bbox 1040 4019 1082 4088; x_wconf 89' lang='lat' dir='ltr'><strong>(de</strong></span> <span class='ocrx_word' id='word_1_257' title='bbox 1096 4019 1257 4072; x_wconf 86' lang='lat' dir='ltr'><strong>confessione</strong></span> <span class='ocrx_word' id='word_1_258' title='bbox 1270 4021 1324 4086; x_wconf 89' lang='lat' dir='ltr'><strong>cpi-</strong></span> 
     </span>
     <span class='ocr_line' id='line_1_31' title="bbox 219 4103 1325 4178; baseline 0.002 -20"><span class='ocrx_word' id='word_1_259' title='bbox 219 4104 284 4158; x_wconf 84' lang='lat' dir='ltr'><strong>stula</strong></span> <span class='ocrx_word' id='word_1_260' title='bbox 298 4105 384 4172; x_wconf 88' lang='lat' dir='ltr'><strong>prima</strong></span> <span class='ocrx_word' id='word_1_261' title='bbox 398 4107 431 4176; x_wconf 72' lang='lat' dir='ltr'><strong>Q)</strong></span> <span class='ocrx_word' id='word_1_262' title='bbox 450 4107 558 4176; x_wconf 82' lang='lat' dir='ltr'><strong>explicit</strong></span> <span class='ocrx_word' id='word_1_263' title='bbox 573 4107 630 4178; x_wconf 74' lang='lat' dir='ltr'><strong>TQ,</strong></span> <span class='ocrx_word' id='word_1_264' title='bbox 650 4109 692 4160; x_wconf 78' lang='lat' dir='ltr'><strong>Ad</strong></span> <span class='ocrx_word' id='word_1_265' title='bbox 704 4107 855 4162; x_wconf 85' lang='lat' dir='ltr'><strong>Cornelium</strong></span> <span class='ocrx_word' id='word_1_266' title='bbox 868 4105 928 4160; x_wconf 72' lang='grc' dir='ltr'><strong>’ΠΡ</strong></span> <span class='ocrx_word' id='word_1_267' title='bbox 947 4105 1056 4176; x_wconf 80' lang='lat' dir='ltr'><strong>explicit</strong></span> <span class='ocrx_word' id='word_1_268' title='bbox 1067 4105 1100 4168; x_wconf 76' lang='grc' dir='ltr'><strong>Ε,</strong></span> <span class='ocrx_word' id='word_1_269' title='bbox 1123 4105 1241 4174; x_wconf 83' lang='lat' dir='ltr'><strong>Explicit</strong></span> <span class='ocrx_word' id='word_1_270' title='bbox 1257 4103 1325 4160; x_wconf 88' lang='lat' dir='ltr'><strong>liber</strong></span> 
     </span>
     <span class='ocr_line' id='line_1_32' title="bbox 220 4182 807 4262; baseline 0.01 -18"><span class='ocrx_word' id='word_1_271' title='bbox 220 4187 275 4244; x_wconf 87' lang='lat'>·111·</span> <span class='ocrx_word' id='word_1_272' title='bbox 286 4187 366 4244; x_wconf 83' lang='lat' dir='ltr'><strong>Cecili</strong></span> <span class='ocrx_word' id='word_1_273' title='bbox 377 4182 504 4262; x_wconf 75' lang='lat' dir='ltr'><strong>Cypriani</strong></span> <span class='ocrx_word' id='word_1_274' title='bbox 516 4193 551 4248; x_wconf 87' lang='lat' dir='ltr'><strong>ad</strong></span> <span class='ocrx_word' id='word_1_275' title='bbox 563 4193 715 4248; x_wconf 81' lang='lat' dir='ltr'><strong>Cornelium</strong></span> <span class='ocrx_word' id='word_1_276' title='bbox 731 4193 760 4250; x_wconf 81' lang='lat'><strong>0.</strong></span> <span class='ocrx_word' id='word_1_277' title='bbox 774 4223 807 4232; x_wconf 94' lang='lat'>-</span> 
     </span>
    </p>

    <p class='ocr_par' dir='ltr' id='par_1_14' title="bbox 221 4277 1327 4606">
     <span class='ocr_line' id='line_1_33' title="bbox 265 4277 1327 4348; baseline 0.007 -20"><span class='ocrx_word' id='word_1_278' title='bbox 265 4277 345 4346; x_wconf 80' lang='lat' dir='ltr'><strong>Epist.</strong></span> <span class='ocrx_word' id='word_1_279' title='bbox 357 4277 427 4332; x_wconf 85' lang='lat' dir='ltr'>LXI.</span> <span class='ocrx_word' id='word_1_280' title='bbox 440 4309 472 4318; x_wconf 81' lang='lat'>-</span> <span class='ocrx_word' id='word_1_281' title='bbox 485 4279 589 4348; x_wconf 88' lang='lat' dir='ltr'><strong>Incipit</strong></span> <span class='ocrx_word' id='word_1_282' title='bbox 600 4283 662 4347; x_wconf 82' lang='lat' dir='ltr'><strong>(om.</strong></span> <span class='ocrx_word' id='word_1_283' title='bbox 681 4283 714 4348; x_wconf 86' lang='grc' dir='ltr'><strong>Τ)</strong></span> <span class='ocrx_word' id='word_1_284' title='bbox 726 4281 761 4334; x_wconf 90' lang='lat' dir='ltr'><strong>ad</strong></span> <span class='ocrx_word' id='word_1_285' title='bbox 771 4279 884 4334; x_wconf 88' lang='lat' dir='ltr'><strong>Lucium</strong></span> <span class='ocrx_word' id='word_1_286' title='bbox 898 4279 942 4346; x_wconf 84' lang='lat' dir='ltr'><strong>(ed</strong></span> <span class='ocrx_word' id='word_1_287' title='bbox 953 4279 1067 4332; x_wconf 87' lang='lat' dir='ltr'><strong>Lucium</strong></span> <span class='ocrx_word' id='word_1_288' title='bbox 1086 4295 1134 4332; x_wconf 84' lang='lat' dir='ltr'><strong>our.</strong></span> <span class='ocrx_word' id='word_1_289' title='bbox 1150 4279 1187 4346; x_wconf 85' lang='lat' dir='ltr'><strong>L)</strong></span> <span class='ocrx_word' id='word_1_290' title='bbox 1200 4279 1232 4332; x_wconf 90' lang='lat' dir='ltr'><strong>de</strong></span> <span class='ocrx_word' id='word_1_291' title='bbox 1249 4277 1327 4334; x_wconf 84' lang='lat' dir='ltr'><strong>exilio</strong></span> 
     </span>
     <span class='ocr_line' id='line_1_34' title="bbox 221 4363 1291 4434; baseline 0.005 -21"><span class='ocrx_word' id='word_1_292' title='bbox 221 4377 344 4416; x_wconf 89' lang='lat' dir='ltr'><strong>reuersum</strong></span> <span class='ocrx_word' id='word_1_293' title='bbox 354 4363 493 4434; x_wconf 73' lang='lat' dir='ltr'><strong>FuPpr.</strong></span> <span class='ocrx_word' id='word_1_294' title='bbox 507 4365 587 4418; x_wconf 81' lang='lat'><strong>-13</strong></span> <span class='ocrx_word' id='word_1_295' title='bbox 600 4367 862 4420; x_wconf 83' lang='lat' dir='ltr'><strong>administrationem</strong></span> <span class='ocrx_word' id='word_1_296' title='bbox 877 4365 899 4434; x_wconf 73' lang='lat' dir='ltr'><strong><em>Q</em></strong></span> <span class='ocrx_word' id='word_1_297' title='bbox 1027 4365 1061 4418; x_wconf 85' lang='lat'><strong>15</strong></span> <span class='ocrx_word' id='word_1_298' title='bbox 1072 4365 1239 4434; x_wconf 85' lang='lat' dir='ltr'><strong>gratulemur</strong></span> <span class='ocrx_word' id='word_1_299' title='bbox 1252 4365 1291 4418; x_wconf 83' lang='lat' dir='ltr'><strong>L¹</strong></span> 
     </span>
     <span class='ocr_line' id='line_1_35' title="bbox 222 4447 1296 4520; baseline 0.003 -19"><span class='ocrx_word' id='word_1_300' title='bbox 222 4447 345 4502; x_wconf 79' lang='lat' dir='ltr'><strong>liieodem</strong></span> <span class='ocrx_word' id='word_1_301' title='bbox 357 4451 387 4502; x_wconf 86' lang='lat' dir='ltr'>F</span> <span class='ocrx_word' id='word_1_302' title='bbox 494 4451 602 4506; x_wconf 87' lang='lat' dir='ltr'><strong>reduces</strong></span> <span class='ocrx_word' id='word_1_303' title='bbox 614 4456 642 4506; x_wconf 90' lang='lat' dir='ltr'><strong>et</strong></span> <span class='ocrx_word' id='word_1_304' title='bbox 657 4451 693 4506; x_wconf 68' lang='lat' dir='ltr'><strong>T*</strong></span> <span class='ocrx_word' id='word_1_305' title='bbox 809 4451 842 4506; x_wconf 83' lang='lat'><strong>19</strong></span> <span class='ocrx_word' id='word_1_306' title='bbox 855 4451 1042 4520; x_wconf 84' lang='lat' dir='ltr'><strong>religationem</strong></span> <span class='ocrx_word' id='word_1_307' title='bbox 1055 4451 1088 4516; x_wconf 89' lang='lat' dir='ltr'><strong>P,</strong></span> <span class='ocrx_word' id='word_1_308' title='bbox 1101 4451 1257 4520; x_wconf 86' lang='lat' dir='ltr'><strong>religionem</strong></span> <span class='ocrx_word' id='word_1_309' title='bbox 1273 4447 1296 4520; x_wconf 78' lang='lat' dir='ltr'><strong><em>Q</em></strong></span> 
     </span>
     <span class='ocr_line' id='line_1_36' title="bbox 222 4531 757 4606; baseline 0.013 -21"><span class='ocrx_word' id='word_1_310' title='bbox 222 4531 427 4604; x_wconf 64' lang='lat' dir='ltr'><strong>abreligatusP</strong></span> <span class='ocrx_word' id='word_1_311' title='bbox 528 4537 649 4606; x_wconf 78' lang='lat' dir='ltr'><strong>22quia]</strong></span> <span class='ocrx_word' id='word_1_312' title='bbox 663 4553 716 4606; x_wconf 86' lang='lat' dir='ltr'><strong>qne</strong></span> <span class='ocrx_word' id='word_1_313' title='bbox 729 4537 757 4592; x_wconf 85' lang='lat' dir='ltr'><strong><em>L</em></strong></span> 
     </span>
    </p>
   </div>
   <div class='ocr_carea' id='block_1_8' title="bbox 0 0 1585 5442">
    <p class='ocr_par' dir='ltr' id='par_1_15' title="bbox 0 0 1585 5442">
     <span class='ocr_line' id='line_1_37' title="bbox 0 0 1585 5442; baseline 0 0"><span class='ocrx_word' id='word_1_314' title='bbox 0 0 1585 5442; x_wconf 95' lang='lat' dir='ltr'><strong> </strong></span> 
     </span>
    </p>
   </div>
  </div>
 </body>
</html>
