3084 5442
483 593 638 662 Epistula
655 593 981 650 artatus-xxxv.
1226 599 1287 663 5¹11

208 755 272 818 eirea
283 753 431 818 ministros
448 751 590 818 ecclesiae
606 751 776 816 constituat
789 755 972 832 exemplum.
1000 753 1117 818 interea
1131 769 1163 814 se
1177 770 1197 814 a
1210 750 1293 816 diui·

211 857 277 922 sione
293 873 449 920 mensurna
468 855 593 918 tantum
607 853 783 920 contineant
802 871 864 918 non
878 855 966 936 quasi
978 873 999 918 a
1010 853 1183 920 ministerio
1198 855 1294 920 eccle·

213 959 314 1024 siastioo
325 957 437 1040 priuati
448 975 512 1022 esse
524 955 701 1040 uideantur,
714 955 767 1020 sed
777 957 815 1020 ut
823 957 955 1040 integris
966 957 1107 1022 omnibus
1114 957 1155 1022 ad
1160 957 1299 1022 nostram

214 1061 392 1146 praesentiam
406 1059 594 1124 differantur.
622 1061 693 1142 opto
709 1077 774 1142 uos,
788 1059 902 1124 fratres
916 1059 1078 1142 carissimi,
1093 1077 1212 1141 semper
1224 1059 1303 1124 bone

202 1163 308 1230 scalere.
322 1163 544 1228 fraternitatem
558 1163 736 1227 uniuersam
751 1163 895 1226 salutate.
907 1161 1021 1226 ualete.

430 1449 815 1560 EPISTVLA
859 1447 1078 1558 XXXV.

220 1651 395 1708 circinata
417 1651 653 1712 PRESBYTERIS
671 1651 716 1704 ET
734 1651 951 1708 DIACONIBVS
967 1651 1089 1706 ROMAE
1106 1649 1313 1706 CONSISTEN·

574 1739 677 1792 TIBVS
696 1739 897 1794 FRATRIBVS
913 1739 939 1794 S.

253 1913 289 1976 Et
301 1911 417 1976 dilectio
433 1911 603 1976 communis
620 1911 746 1976 stratio
763 1913 909 1992 exposcit,
928 1911 1041 1976 iratres
1056 1910 1217 1988 carissimi,
1231 1911 1314 1976 nihil

197 2015 398 2084 ocenscieotiae
419 2015 539 2076 uestrae
560 2013 739 2078 subtrahere
755 2015 792 2078 de
812 2015 861 2078 his
880 2033 959 2096 quae
978 2015 1061 2096 apud
1080 2032 1135 2077 nas
1155 2015 1312 2096 geruntur,

221 2117 250 2178 ut
266 2115 302 2180 sit
317 2115 399 2180 nobis
415 2115 494 2180 eirca
509 2115 681 2180 utilitatem
697 2115 922 2180 ecclesiasticae
937 2115 1213 2180 administrationis
1228 2133 1313 2180 com-

222 2237 296 2282 mune
316 2217 482 2282 consilium.
503 2237 584 2282 nam
596 2219 796 2300 posteaquem
817 2219 856 2282 ad
869 2237 925 2282 uos
939 2219 1061 2282 litteras
1075 2217 1137 2282 feei
1150 2235 1225 2300 quas
1239 2217 1314 2282 misi

222 2339 264 2402 per
277 2319 412 2386 Saturum
425 2321 571 2384 lectorem
586 2321 617 2384 et
629 2319 781 2402 Optatam
798 2321 1044 2404 hypodiaconum
1057 2321 1168 2386 fratres
1183 2321 1312 2398 nostros,

223 2423 389 2504 quorundam
400 2423 552 2504 lapsorum
565 2421 736 2504 conspirata
747 2423 917 2500 temeritas,
929 2423 981 2504 qui
991 2423 1212 2505 paenitentiam
1222 2441 1314 2506 agere

199 2523 313 2594 oet'lieo
327 2525 495 2592 satisfacere
510 2525 694 2604 detractant,
716 2519 837 2592 litteras
852 2527 892 2590 ad
906 2545 957 2590 n1e
970 2527 1116 2604 fecerunt,
1133 2543 1239 2606 pacem
1252 2543 1313 2588 non

241 2631 336 2694 audam
356 2627 413 2694 sibi
433 2629 626 2708 postulantes
641 2631 695 2694 sod
710 2629 798 2710 quasi
812 2631 878 2694 iam
892 2631 998 2694 datam
1012 2629 1212 2706 uindicantcs,
1232 2627 1314 2710 quod

224 2631 239 2692 d

224 2731 309 2798 dicant
327 2730 456 2796 Paulum
476 2731 617 2796 omnibus
638 2751 746 2814 pacem
768 2731 897 2809 dedisse,
921 2728 1001 2796 sicut
1015 2731 1048 2796 in
1062 2731 1178 2796 litteris
1199 2749 1313 2813 eorum,

266 2953 278 3004 1
289 2949 426 3018 ministros]
439 2963 528 3002 omnes
541 2951 612 3002 uiros
629 2949 692 3004 VZa
765 2937 952 3004 constitute'T
1015 2952 1117 3004 interea
1132 2951 1161 3014 T,
1173 2949 1273 3004 inserta
1283 2951 1317 3014 Z,

226 3039 317 3092 nterim
329 3053 402 3106 parrae
487 3051 515 3090 se
528 3051 614 3106 amp
700 3035 843 3112 diuisione]
855 3035 958 3090 dicione
969 3039 1007 3092 Za
1096 3037 1248 3092 Emensura
1264 3039 1317 3106 Tap,

227 3139 300 3176 mense
313 3123 512 3186 etoranciuma
526 3113 739 3176 mensuranoium
752 3125 777 3174 Ζ
833 3123 1026 3192 contingantur
1079 3123 1143 3192 non]
1156 3123 1287 3176 utnonZ

226 3209 441 3278 dehonestatam
508 3207 669 3278 ministerio]
682 3209 810 3276 mysterio
826 3209 852 3260 V
915 3209 1092 3262 4diierantur
1108 3209 1134 3260 T
1198 3209 1314 3274 opto...

227 3299 383 3350 delatraret
466 3295 587 3362 optamus
600 3293 625 3344 Ζ
709 3293 1208 3348 erraterniearemus.ua1ereaa.a
1292 3295 1320 3346 εὴ

227 3383 300 3434 ualete
311 3401 332 3438 a.
345 3411 376 3420 -
387 3379 506 3448 Epistola
519 3377 638 3446 Cipriani
655 3377 689 3432 ad
701 3379 800 3458 olepum
814 3377 846 3432 de
859 3379 959 3448 eisqui
969 3381 1068 3434 temere
1079 3379 1163 3446 lapsis
1176 3377 1320 3432 communi·

229 3471 337 3522 cauerunt
352 3471 379 3520 et
394 3467 425 3518 de
437 3465 592 3518 Philumino
610 3467 638 3518 et
649 3465 796 3542 Fortunato
817 3449 1020 3532 hypodiacoTct
1030 3465 1164 3518 Fauorino
1184 3465 1320 3520 acholitho

229 3553 321 3620 explicit
334 3557 362 3616 T,
373 3551 489 3620 Explicit
502 3551 535 3604 ad
548 3549 649 3602 olerum
661 3549 692 3602 de
703 3549 777 3620 Gayo
785 3551 899 3603 Didcnsi
910 3551 939 3604 εὴ
950 3551 1007 3604 cius
1018 3551 1134 3620 dyacona
1145 3551 1193 3618 qui
1205 3567 1253 3620 pro
1263 3552 1322 3620 lap·

229 3639 259 3690 sis
269 3637 462 3692 communicauit
470 3653 491 3702 a,
505 3637 546 3692 Ad
559 3619 643 3706 phiris
650 3639 677 3706 et
690 3637 813 3690 diaconos
826 3635 936 3704 explicit
947 3636 978 3700 Z,
991 3651 1039 3690 aaa.
1053 3653 1110 3704 pao.
1123 3665 1153 3675 -

270 3723 344 3792 Epist.
358 3723 459 3776 XXXV.
476 3755 503 3764 -
519 3725 620 3794 Incipit
640 3725 755 3792 epistola
774 3725 836 3788 (inc.
855 3738 895 3792 ep.
916 3737 966 3776 ora.
979 3721 1146 3792 w)(lipriani
1165 3723 1200 3776 ad
1218 3723 1322 3792 presbi-

229 3811 287 3862 teros
298 3811 323 3860 et
334 3809 451 3864 diacones
464 3809 595 3870 [diacoms
608 3813 643 3880 aa)
654 3809 754 3864 Romae
765 3809 941 3863 consistantes
955 3811 1010 3878 Tea,
1022 3809 1145 3878 Epistola
1156 3809 1275 3878 Cipriani
1288 3811 1323 3866 ad

229 3893 313 3950 elerum
323 3895 463 3950 Romanum
475 3897 506 3950 de
518 3897 601 3966 lapsis
619 3897 846 3966 inpoeniteotibus
864 3897 911 3965 qui
928 3898 1137 3950 communionem
1148 3895 1206 3950 eius
1218 3899 1323 3972 expete·

230 3977 283 4034 bant
294 3999 321 4050 φ,
336 3983 376 4034 Ad
387 3981 488 4044 cosdem
501 4003 529 4050 p.
544 4013 575 4022 -
589 3983 604 4036 7
618 3983 765 4052 Cyprianus
777 3999 847 4052 papa
860 4003 883 4052 φ
972 3982 1114 4037 ildelcctia
1129 3983 1154 4034 Τ
1240 3983 1321 4052 ratio]

229 4067 467 4134 ratiecommunisrp
536 4069 621 4136 poscit
634 4085 681 4136 pra
758 4067 792 4123 10
802 4051 863 4122 affl*
861 4085 894 4134 aa,
907 4069 965 4124 erat
976 4070 1116 4136 uestraeap
1186 4069 1217 4122 11
1230 4069 1321 4140 utsit]

230 4151 380 4220 uisumostp
454 4153 485 4208 13
494 4153 605 4208 fratrem
617 4157 737 4208 nostrum
750 4173 807 4224 pao,
815 4171 866 4210 am.
877 4173 912 4226 pa
980 4155 1173 4226 liconspirata
1183 4155 1323 4210 temeritas

231 4247 272 4286 aaa.
281 4255 305 4304 μ,
316 4237 460 4312 prospirata
470 4241 623 4292 temeritate
633 4259 680 4308 pra
740 4241 771 4296 de
784 4241 950 4310 quoxrmdam
960 4246 1098 4310 prospecta
1108 4241 1261 4296 temeritate
1273 4259 1290 4298 a

231 4319 276 4388 qui]
287 4335 363 4388 aequa
375 4341 393 4390 μ
478 4325 510 4378 15
522 4325 672 4378 detrectant
685 4343 721 4394 pa
808 4327 929 4382 fecerunt
943 4331 969 4382 Τ
981 4345 1002 4382 a.
1015 4327 1041 4394 t,
1059 4329 1126 4382 feeit
1137 4347 1166 4396 μ,
1178 4345 1227 4382 am.
1241 4345 1289 4391 aaa

230 4403 393 4472 ltpoetolans
409 4409 473 4478 Τφμ
567 4409 658 4464 datam
670 4409 751 4466 sibiae
844 4414 1018 4483 uindicansrp
1113 4413 1230 4468 lidicat
1244 4417 1289 4483 Τφ

230 4489 341 4558 paulusp
406 4507 495 4548 eorum
508 4509 590 4562 ora-p
