3084 5442
230 631 295 694 572
630 627 783 684 Caecilii
795 629 951 698 Cypriani

229 803 360 864 quarum
375 785 551 868 exemplum
565 785 605 849 ad
619 801 675 848 uos
689 783 860 862 transmisi,
881 783 1008 870 legetis:
1031 785 1125 848 simul
1141 783 1214 864 quid
1228 783 1268 848 eis
1285 803 1334 868 ego

228 887 365 950 breuiter
377 887 504 952 interim
518 887 737 970 rescripserim,
752 885 806 950 sed
822 889 853 950 et
868 887 973 968 quales
989 889 1094 966 postea
1110 887 1148 948 ad
1157 886 1272 949 ‘olerum
1286 887 1336 948 lit-

228 991 310 1052 teras
325 989 448 1052 fecerim
464 993 500 1052 ut
515 991 593 1075 scire
606 989 746 1068 possetis,
767 989 860 1052 huius
876 1007 994 1068 quoque
1010 991 1054 1052 rei
1070 987 1246 1068 exemplum
1257 987 1336 1052 uobis

227 1089 310 1154 misi.
331 1091 412 1170 quod
427 1091 453 1152 si
468 1091 552 1152 ultra
570 1091 730 1154 temeritas
752 1107 858 1153 eorum
872 1109 928 1154 neo
943 1089 1019 1154 meis
1036 1107 1090 1154 neo
1108 1089 1214 1152 uestris
1229 1091 1336 1154 litteris

227 1211 387 1272 conpressa
406 1193 502 1258 fuerit
516 1213 572 1258 nec
586 1193 722 1256 consiliis
738 1193 914 1257 salubribus
930 1193 1195 1274 optemperauerit‚
1219 1213 1353 1276 egemuse

227 1313 362 1374 eaquae
383 1295 551 1358 secundum
575 1295 773 1376 euangelium
798 1293 948 1358 Dominus
972 1313 1062 1378 agere
1085 1295 1244 1374 praecepit.
1265 1297 1334 1376 opto

226 1413 290 1472 uos,
306 1397 417 1462 fratres
433 1397 594 1477 carissimi,
611 1413 731 1476 sempe-r
746 1397 821 1458 bene
838 1397 949 1460 ualere.
966 1397 1075 1458 ualete.

450 1681 843 1790 EPISTVLA
869 1681 1122 1792 XXXVI.

220 1881 402 1934 omninno
431 1881 565 1950 Pnpnrl
591 1881 812 1934 PRESBYTERI
838 1883 883 1936 ΕΤ
909 1883 1084 1936 DIACONES
1113 1883 1230 1938 ROMAE
1256 1885 1331 1940 CON-

666 1965 854 2020 slsrnNrns
874 1965 899 2020 S.
1339 1987 1361 2024 ro

191 2180 203 2238 l
261 2171 339 2235 Cum
354 2171 600 2254 perlegissemus,
622 2173 731 2250 irater,
753 2173 875 2238 litteras
890 2173 959 2236 tues
976 2191 1050 2252 quas
1066 2191 1119 2254 per
1133 2171 1328 2236 Fortunalum

216 2275 463 2358 hypodiaconum
483 2277 632 2352 miseras.
643 2277 766 2358 gemino
783 2293 890 2338 sumus
906 2275 1007 2338 dolore
1023 2275 1158 2356 percussi
1174 2277 1204 2338 et
1219 2275 1326 2354 duplici

215 2395 353 2442 maerore
373 2377 501 2459 confusi,
524 2379 605 2458 quod
624 2397 722 2460 neque
743 2379 803 2442 tibi
823 2379 942 2458 requies
958 2379 1024 2440 ulla
1038 2379 1070 2440 in
1085 2379 1180 2440 tantis
1195 2397 1327 2456 persecu·

213 2481 308 2544 tionis
327 2479 560 2544 necessitatibus
577 2481 750 2544 traderetur
775 2481 805 2544 et
819 2481 977 2558 lapsorum
997 2477 1130 2542 fratrum
1146 2479 1325 2542 inmoderata

213 2583 386 2662 petulantia
399 2601 497 2662 usque
511 2583 551 2644 ad
564 2581 768 2662 periculosam
784 2583 947 2644 uerborum
963 2581 1169 2644 temeritatem
1183 2582 1324 2662 producte
1333 2613 1355 2648 15

214 2683 419 2746 denotaretur.
435 2685 489 2746 scd
504 2701 692 2762 quamquam
702 2699 757 2744 nos
769 2685 863 2762 atque
879 2683 1019 2746 animum
1033 2685 1171 2770 nostrum
1182 2685 1241 2746 ista
1252 2703 1324 2764 quae

214 2785 350 2848 diximus
366 2785 505 2868 grauiter
519 2783 710 2866 adfligerent,
732 2785 837 2848 tamen
853 2785 996 2850 maeroris
1012 2787 1110 2850 nostri
1125 2787 1189 2850 tarn
1204 2805 1325 2868 gratiam

213 2889 367 2952 sarcinam
388 2889 479 2970 uigor
500 2889 574 2952 tuns
589 2889 621 2960 et
635 2889 803 2952 secundum
827 2889 1037 2970 euangelicam
1061 2889 1252 2970 disciplinam
1274 2889 1325 2952 ad-

260 3135 400 3202 lquorum
411 3155 432 3204 μ
530 3135 623 3186 aduos
642 3149 692 3186 om.
705 3137 738 3200 μί
836 3135 1034 3186 transmisimus
1047 3149 1079 3198 w,
1096 3135 1291 3200 transmissisrp

207 3219 341 3288 simulque
354 3237 393 3288 eru
489 3219 617 3288 egoeise
714 3219 1032 3288 sbreuicerplibenlerp
1120 3219 1321 3286 interimerer]

207 3305 388 3358 intellexerim
400 3305 587 3372 scripserimus
664 3303 779 3372 qualem
859 3303 962 3358 ernist*
979 3309 1007 3368 Τ,
1021 3321 1069 3358 om.
1084 3307 1116 3374 μ’
1184 3303 1251 3372 quod
1264 3305 1286 3356 si
1298 3323 1322 3370 μ,

207 3391 232 3442 si
243 3407 300 3456 pro,
312 3407 362 3444 om,
378 3393 403 3444 Τ
479 3391 659 3457 temeritacp,
672 3391 839 3443 demeritam
909 3391 1133 3458 ,epressefuerie
1147 3411 1173 3458 μ,
1187 3387 1323 3456 compressi

207 3475 311 3528 fuerint
322 3493 347 3528 co
443 3477 607 3528 salutaribus
620 3493 668 3542 qaeu
766 3477 1007 3544 obtemperanerint
1020 3493 1051 3538 ao,
1066 3477 1258 3544 obtemperaret
1270 3495 1290 3540 φ

207 3559 224 3612 7
236 3561 325 3612 ualete
343 3577 392 3614 om.
405 3579 458 3630 wp.
473 3561 640 3630 -Epistola
651 3561 770 3628 Cipriani
790 3547 822 3614 ad
840 3547 918 3628 preb}
929 3563 957 3612 et
970 3545 1075 3614 diacon
1076 3561 1172 3614 Romae
1185 3559 1324 3612 consisten-

207 3647 250 3697 tes
261 3646 373 3712 explicit
387 3647 419 3708 Τ,
430 3661 481 3698 om.
495 3663 570 3714 prop.
584 3675 618 3684 *-

258 3731 345 3798 Epist
355 3729 478 3782 XXXVI.
490 3759 522 3768 -
531 3729 632 3798 Incipit
644 3729 781 3797 rescriptis
794 3731 947 3798 presbiteris
961 3731 988 3782 et
996 3729 1151 3782 diaconibus
1160 3729 1255 3782 Romae
1267 3747 1322 3782 con·

208 3815 368 3868 sistentibus
382 3817 413 3878 T,
429 3814 599 3882 Rescriptum
610 3829 656 3880 per
667 3813 835 3882 presbyteros
848 3817 874 3866 et
885 3813 1007 3868 diaconos
1020 3813 1053 3866 ad
1066 3813 1219 3882 Cipriauum
1231 3813 1323 3866 Itomae

209 3901 385 3952 consistentes
395 3919 425 3965 φ,
437 3897 510 3952 Cleri
519 3899 631 3952 Romani
641 3897 676 3950 ad
684 3899 839 3966 ciprianum
849 3897 979 3952 adolentis
987 3915 1034 3968 pro
1045 3895 1197 3952 temeritate
1207 3915 1324 3966 quorum-

208 3983 271 4036 dam
291 3985 426 4050 lapsorum
444 3986 474 4036 et
490 3983 649 4036 confidentes
660 3984 690 4036 'in
702 3999 732 4038 ec
744 3985 773 4036 et
784 3983 953 4038 exhortantes
973 3999 1021 4052 pro
1042 4001 1131 4038 eorum
1153 3985 1238 4038 salute
1249 4003 1280 4038 ro.
1294 4015 1324 4020 -

208 4067 507 4136 9Cypriano]cclcrino
524 4071 563 4120 To
648 4083 732 4134 papae
745 4085 787 4122 roo
872 4069 1119 4122 consistentibusT
1204 4071 1234 4122 11
1247 4071 1325 4122 irater

208 4137 273 4202 kffie‘
283 4167 346 4212 acco
431 4167 497 4218 quos
511 4155 537 4200 Τ
629 4153 817 4218 12ρθῑοηίεἰυ
913 4151 944 4204 13
957 4153 1183 4220 persecutionibus
1196 4155 1323 4206 cessitati·

208 4235 259 4286 bus
271 4251 305 4297 w,
315 4237 507 4302 persecutionis
519 4235 635 4289 unitatis
647 4235 853 4289 necessitatibus
866 4257 887 4302 φ
963 4237 996 4290 14
1008 4237 1182 4291 immodulata
1198 4241 1226 4300 T,
1237 4239 1325 4290 imme-

208 4319 339 4372 dolatae>
408 4321 442 4372 lb
452 4321 591 4372 uerborum
603 4320 811 4386 periculosamp‘r
881 4321 1009 4390 producta
1022 4337 1071 4374 orn.
1084 4339 1108 4374 ro
1177 4323 1209 4378 16
1221 4323 1325 4378 denote-

208 4407 338 4458 renturco
417 4406 557 4472 tamquam
573 4409 599 4458 Τ
666 4408 854 4472 atqueouap
935 4405 968 4458 17
980 4421 1090 4474 granam
1103 4423 1127 4458 w
1207 4409 1238 4462 18
1250 4425 1325 4464 euan-

208 4491 311 4560 gelium
323 4491 506 4556 euangelicam
520 4511 541 4554 φ
611 4489 731 4542 adibitas
747 4493 770 4542 T
