3084 5442
205 611 269 678 812
599 611 749 666 Caecilii
766 609 926 680 Cypriani

204 766 327 848 copulat
350 785 421 830 suos
442 767 566 832 uinculo
586 767 725 830 unitatis
748 765 829 830 unde
844 767 877 830 in
892 767 1067 830 uniuersam
1087 767 1201 830 terrem
1223 767 1319 830 eriuit

201 885 292 932 sonus
319 885 423 932 eorum
444 869 497 950 qui
512 889 530 932 a
544 869 674 932 Domino
696 867 786 932 missi
807 869 879 932 sunt
901 869 1030 933 unitatis
1045 869 1155 950 spiritu
1171 869 1316 932 uelociter

203 973 375 1034 currentes:
402 971 482 1034 sicut
505 971 695 1036 econtrario
719 969 800 1034 nihil
825 969 949 1052 prodest
975 971 1091 1054 aliquos
1115 971 1265 1052 proximos
1288 971 1318 1034 et

204 1073 324 1138 iunctos
339 1074 399 1138 sibi
410 1091 476 1138 osse
486 1073 673 1156 corporibus,
690 1073 716 1136 si
727 1073 830 1136 animo
843 1073 875 1136 et
886 1073 995 1138 monte·
1005 1073 1182 1150 dissideant,
1198 1073 1314 1154 quando

201 1177 332 1242 adunari
353 1177 473 1240 animae
493 1175 617 1240 omuino
637 1195 698 1240 non
717 1175 836 1258 possint
851 1193 929 1256 quae
945 1193 976 1238 se
992 1195 1010 1240 a
1024 1175 1081 1239 Dei
1098 1175 1216 1238 unitate
1233 1175 1333 1238 diui-s

199 1279 304 1342 serint.
339 1297 425 1342 ecce
453 1279 569 1354 enim,
601 1279 713 1358 inquit,
747 1277 812 1358 qni
840 1276 1099 1358 longinquant
1128 1295 1164 1340 se
1192 1277 1320 1340 abste

200 1380 396 1460 peribunt.
420 1379 473 1442 sed
494 1381 574 1443 tales
593 1379 746 1442 iudicium
760 1377 887 1440 Domini
901 1395 956 1458 pro
972 1377 1082 1442 merito
1099 1395 1152 1440 suo
1168 1378 1313 1442 subibunt

201 1482 374 1544 recedentes
390 1499 408 1544 a
422 1481 526 1544 uerbis
552 1481 619 1544 eius
645 1481 698 1562 qui
722 1481 842 1562 patrem
865 1497 920 1558 pro
942 1481 1064 1544 unitate
1086 1481 1262 1562 deprecatur
1288 1481 1317 1544 et

202 1583 293 1646 dicit:
322 1583 446 1664 pater,
474 1583 520 1646 de
541 1585 583 1646 ut
604 1579 788 1664 quomodo
817 1599 883 1664 ego
906 1583 944 1644 et
964 1583 1007 1644 tu
1029 1601 1145 1646 unum
1174 1601 1315 1658 sumus,

204 1685 261 1748 sic
282 1687 321 1748 et
340 1685 380 1748 hi
402 1685 440 1748 in
462 1685 572 1748 nobis
593 1685 682 1748 sint.
1327 1713 1349 1750 ιο

174 1790 193 1849 d
246 1787 309 1850 Nos
332 1805 404 1850 uero
426 1805 462 1850 ea
483 1805 561 1868 quae
582 1787 703 1850 anobis
727 1785 842 1866 scripta
866 1787 938 1850 suut
961 1785 1048 1866 quasi
1070 1787 1173 1850 nostra
1196 1787 1316 1868 propria

207 1889 396 1969 suscepimus
404 1889 683 1952 necintranseursu
693 1889 836 1970 legimus
849 1889 902 1950 sed
914 1907 1004 1970 saepe
1015 1889 1145 1968 repetite
1155 1887 1317 1952 memoriae

205 1989 436 2053 mandauimus:
452 2007 548 2070 neque
564 1991 650 2054 obest
664 1989 798 2054 utilitati
814 1989 945 2052 salutari
956 1991 1010 2052 aut
1022 1991 1127 2054 endem
1138 1991 1268 2054 retexere
1280 1991 1317 2054 ad

203 2089 441 2154 confirmandam
462 2093 625 2156 ueritatem
643 2093 699 2156 aut
712 2093 744 2156 et
758 2091 908 2172 quaedam
925 2091 1034 2156 addere
1050 2091 1088 2154 ad
1103 2093 1316 2156 cumulandum

201 2193 422 2274 probationem.
447 2193 473 2258 si
489 2195 565 2276 quid
586 2195 692 2258 autem
706 2213 725 2258 a
738 2191 826 2258 nobis
847 2193 990 2258 additum
1006 2191 1108 2270 fuerit,
1129 2211 1188 2258 non
1204 2195 1247 2258 sic
1262 2195 1315 2258 ad·
1326 2219 1348 2258 n

203 2297 287 2358 ditur
302 2297 389 2378 quasi
404 2297 521 2360 euobis
537 2297 657 2378 aliquid
672 2297 775 2360 minus
790 2295 910 2360 dictum
926 2295 978 2372 sit,
994 2295 1047 2358 sed
1063 2297 1206 2376 quoniam
1221 2315 1316 2360 sermo

204 2397 327 2460 diuinus
351 2397 521 2466 humanam
545 2399 690 2462 naturam
711 2397 943 2480 supergreditur
963 2415 1018 2462 nee
1041 2397 1142 2478 potest
1163 2399 1264 2460 totum
1286 2399 1316 2462 et

203 2499 374 2581 perfectum
394 2501 497 2564 anima
518 2501 686 2582 concipere,
708 2500 822 2564 idcireo
844 2501 875 2564 et
890 2501 996 2564 tentus
1018 2501 1065 2564 est
1085 2519 1228 2564 numerus
1248 2519 1316 2582 pro-

205 2603 369 2684 phetarum
384 2602 419 2664 ut
434 2601 599 2684 multiplex
614 2604 647 2666 et
660 2603 767 2666 diuina
789 2603 940 2684 sapientia
954 2621 1007 2682 per
1022 2603 1137 2666 multos
1153 2603 1313 2666 distribue-

204 2704 265 2768 tur.
288 2705 368 2768 unde
384 2705 414 2768 et
428 2706 529 2768 tacere
552 2705 740 2788 praecipitur
762 2705 861 2786 primo
882 2705 914 2768 in
936 2705 1094 2786 prophetia
1116 2707 1261 2786 loquenti,
1285 2707 1314 2772 si
1325 2733 1349 2772 so

204 2807 336 2870 secundo
357 2807 452 2872 fuerit
473 2808 655 2872 reuelatnm.
680 2825 740 2888 qua
756 2825 791 2870 eu
807 2825 896 2870 eausa
919 2809 1085 2872 necessario
1108 2809 1188 2888 apud
1208 2825 1261 2872 nos
1282 2809 1317 2872 fit

204 2911 239 2972 ut
258 2929 312 2990 per
333 2909 470 2992 singulos
490 2927 585 2973 annos
606 2909 738 2974 seniores
759 2909 790 2971 et
809 2909 977 2990 praepositi
993 2909 1135 2974 inunum
1158 2911 1316 2976 conuenia-

202 3029 272 3076 mus
291 3013 331 3074 ad
352 3011 539 3092 disponenda
554 3029 681 3092 eaquae
701 3029 789 3076 curae
810 3011 934 3074 nostrae
954 3011 1117 3076 commissa
1138 3013 1218 3086 sunt,
1242 3013 1276 3074 ut
1291 3011 1317 3074 si

202 3133 263 3194 qua
285 3113 427 3194 grauiora
449 3114 520 3176 sunt
542 3113 698 3176 communi
720 3111 848 3176 consilio
873 3113 1056 3194 dirigantur,
1083 3113 1178 3194 lapsis
1201 3131 1316 3194 quoque

201 3215 349 3278 fratribus
374 3219 407 3278 et
431 3216 500 3296 post
528 3215 688 3278 laneorum
716 3215 851 3280 salutare
874 3233 893 3278 a
914 3215 1036 3278 diabolo
1067 3215 1232 3278 uulneratis
1258 3233 1343 3296 pera

201 3317 423 3398 paenitentiam
444 3317 578 3380 medella
597 3319 773 3398 quaeratur,
793 3333 853 3380 non
868 3317 957 3396 quasi
973 3335 991 3380 a
1005 3317 1092 3380 nobis
1108 3317 1316 3380 remissionem

201 3421 396 3500 peccatorum
416 3420 647 3500 consequentur,
670 3419 724 3482 sed
745 3419 782 3482 ut
802 3437 929 3498 pernes
950 3419 990 3482 ad
1005 3419 1249 3500 intellegentiam
1264 3419 1316 3482 de-

200 3521 345 3584 lictorum
375 3539 500 3586 suorum
527 3521 746 3586 conuertuntur
776 3521 806 3584 et
832 3521 964 3584 Domino
994 3521 1114 3602 plenius
1145 3519 1316 3584 satisfacere

201 3623 357 3704 cogantur.

171 3729 189 3788 5
244 3723 394 3800 Quoniam
424 3743 496 3788 uero
525 3726 647 3806 legatus
672 3725 731 3788 iste
758 3743 778 3787 a
802 3725 890 3788 uobis
916 3725 1028 3788 missus
1054 3723 1174 3806 regredi
1201 3725 1238 3788 ad
1264 3743 1349 3788 uosn

200 3823 367 3890 festinabat
382 3828 413 3890 et
426 3827 590 3890 hibernum
610 3828 733 3908 tempus
753 3827 914 3908 urguebat,
938 3827 1087 3908 quantum
1108 3827 1262 3906 potuimus
1279 3827 1316 3890 ed

303 4045 320 4098 6
336 4043 383 4096 Ps.
402 4043 443 4108 72,
460 4044 503 4098 27.
573 4047 590 4098 e
607 4047 645 4100 Io.
665 4047 706 4110 17,
724 4047 767 4100 21.

253 4233 268 4284 1
280 4231 419 4298 copulatus
438 4249 484 4286 uos
496 4235 533 4286 M
545 4235 662 4300 (copulat
680 4249 740 4286 suos
754 4233 787 4302 Q)
943 4235 959 4286 2
973 4235 1007 4286 ad
1023 4217 1086 4288 11ιῖἷῇ
1098 4235 1134 4288 M
1145 4235 1172 4304 (e
1184 4217 1242 4286 dno‘
1252 4233 1282 4302 Q)

199 4317 398 4386 8unitatemQ
506 4319 566 4372 otu
578 4319 636 4370 Es.
649 4319 666 4370 l.
778 4319 812 4370 10
824 4319 887 4386 sint]
901 4335 982 4370 unum
996 4319 1051 4372 sint
1064 4319 1097 4372 Io
1201 4319 1233 4372 13
1245 4335 1317 4372 ruan-

199 4403 293 4456 demus
307 4403 357 4454 EI
451 4404 485 4456 18
497 4403 586 4456 animo
597 4403 636 4454 M
645 4403 746 4470 (anima
760 4401 792 4470 Q)
886 4403 918 4454 19
932 4405 959 4454 et
971 4419 1049 4456 Onna
1140 4403 1175 4458 20
1186 4403 1319 4472 loquenti*

199 4489 225 4540 si
237 4489 272 4551 E,
282 4488 418 4556 loquentis
433 4488 456 4557 Q
558 4487 592 4540 26
606 4487 709 4542 medela
720 4487 784 4542 Ero
887 4489 920 4540 27
935 4487 968 4542 ad
981 4489 1010 4540 Ε
1019 4505 1040 4542 s.
1053 4489 1071 4542 l.
1083 4505 1116 4542 m.
1131 4493 1150 4542 2
