3084 5442
541 608 719 678 Epistulae
735 605 863 660 cxvii.
883 623 904 662 a.
925 607 1000 660 1-3.
1270 599 1330 666 737

214 773 329 834 torem
351 785 424 830 non
445 765 575 844 audit,
603 765 668 828 sed
690 763 756 846 qui
778 763 896 828 Deum
925 759 1097 828 coluerit
1125 761 1163 822 ot
1195 755 1330 822 uolun-

215 873 329 936 tatem
361 869 444 934 eius
471 867 636 945 fecerit,
670 867 789 930 illum
824 867 944 930 audit.
979 861 1216 950 propterquod
1238 861 1329 942 plena

217 971 371 1056 diligentia
394 973 427 1036 et
452 969 660 1052 exploratione
686 969 806 1036 sincera
831 987 881 1034 eos
908 969 1030 1052 oportet
1057 969 1095 1034 ad
1122 965 1328 1036 sacerdotium

218 1077 271 1141 Dei
283 1073 379 1158 deligi
393 1091 467 1155 quos
484 1093 504 1138 a
517 1073 581 1138 Deo
597 1072 718 1136 constet
730 1073 841 1146 audiri.

201 1209 210 1248 s
255 1178 316 1242 Nec
329 1177 389 1242 sibi
403 1177 492 1260 plebs
506 1175 686 1242 blandiatur
699 1175 789 1258 quasi
804 1177 940 1242 inmunis
955 1195 1020 1242 esse
1036 1197 1055 1242 a
1069 1175 1210 1260 contagio
1223 1171 1358 1240 defictis

217 1281 308 1366 possit
322 1299 392 1345 cum
407 1281 564 1345 sacerdote
578 1281 737 1362 peccatore
752 1279 982 1344 communicans
997 1283 1028 1346 et
1045 1279 1082 1344 ad
1097 1281 1250 1346 iniustum
1271 1279 1326 1344 ad·

219 1401 272 1466 que
284 1382 440 1446 inlicitum
453 1383 621 1466 praepositi
636 1384 686 1448 sui
700 1383 911 1464 episcopatum
927 1401 1108 1450 consensum
1128 1401 1219 1450 suum
1240 1401 1323 1446 com·

216 1485 343 1565 medana,
364 1487 484 1568 quando
498 1505 554 1568 per
568 1485 644 1550 Osee
664 1487 846 1568 prophetam
868 1485 1073 1552 comminetur
1093 1489 1126 1552 et
1145 1477 1229 1552 dicat
1252 1507 1322 1554 con·

222 1607 286 1654 sura
299 1587 419 1654 diuina:
441 1588 649 1654 sacrificia
672 1609 803 1654 eorum
824 1591 1020 1672 tamquam
1042 1591 1158 1674 panis
1178 1591 1320 1668 luctui,

193 1709 337 1758 roomnes
358 1691 423 1774 qui
450 1691 694 1758 manducant
720 1713 762 1758 aa
791 1691 1184 1774 contaminabuntur,
1213 1695 1323 1760 docens

219 1795 329 1860 sedicet
343 1797 377 1860 et
390 1797 552 1862 ostendens
567 1815 672 1861 omnes
687 1797 812 1862 omnino
826 1795 866 1860 ad
880 1799 1042 1880 peccatum
1063 1797 1233 1882 constringi
1255 1797 1325 1878 qui-

219 1917 272 1980 que
291 1899 405 1962 fuerint
426 1899 549 1980 profani
570 1901 601 1964 et
622 1899 733 1964 iniusti
755 1899 923 1964 sacerdotis
945 1899 1093 1964 sacrificio
1117 1901 1323 1966 contaminati.

219 2001 293 2084 quod
315 2001 391 2066 item
413 2003 446 2066 in
465 2001 613 2067 Numeuis
632 2001 827 2066 manifestari
851 2001 1035 2080 inuenimus
1062 2003 1181 2084 quando
1201 2003 1276 2070 Coro
1297 2007 1327 2070 et

220 2105 335 2170 Dathan
363 2107 394 2168 et
419 2103 537 2170 Abiron
566 2106 672 2171 contra
699 2105 805 2171 Aaron
832 2105 1019 2172 sacerdotem
1049 2107 1252 2174 sacrificandi·
1267 2109 1328 2174 sibi

195 2207 371 2274 isdcentiam
390 2209 635 2274 uindicaucrunt.
656 2209 724 2274 illic
744 2229 863 2292 quoque
881 2229 937 2292 per
955 2211 1081 2292 Moysen
1101 2211 1249 2294 praecipit
1262 2211 1327 2276 Do-

221 2311 316 2376 minus
339 2313 377 2376 ut
400 2313 439 2376 ab
465 2313 511 2378 eis
535 2313 666 2396 populus
696 2315 862 2394 separetur,
891 2333 929 2378 ne
951 2313 1127 2378 facinerosis
1149 2317 1327 2380 coniunctus

220 2417 317 2482 eodem
343 2415 478 2482 facinore
507 2417 539 2482 et
567 2417 632 2498 ipse
660 2417 894 2502 perstringatur.
934 2417 1184 2498 separamini,
1215 2419 1325 2502 inquit,

221 2519 511 2586 alabernaculis
537 2519 737 2584 hominum
762 2521 1003 2586 iniustorum
1029 2519 1325 2586 durissimorum

222 2627 256 2690 et
286 2625 408 2691 nolito
444 2625 608 2708 tangere
642 2625 688 2688 ab
724 2625 901 2690 omnibus
938 2643 1031 2706 quae
1068 2625 1158 2688 sunt
1193 2625 1255 2688 eis.
1282 2643 1325 2690 ne

195 2729 330 2796 asimul
360 2727 530 2812 pereatis
560 2729 597 2792 in
624 2731 785 2810 peccato
814 2747 947 2794 eorum.
982 2727 1212 2812 propterquod
1239 2727 1324 2808 plebs

223 2831 570 2914 obsequenspraeceptis
591 2831 755 2896 dominicis
778 2833 809 2894 et
829 2833 930 2898 Deum
951 2835 1091 2896 metuens
1118 2847 1136 2892 a
1168 2829 1323 2914 peccatore

221 2937 382 3020 praeposito
396 2955 536 3018 separare
552 2955 584 3001 se
599 2936 701 3018 debet,
717 2953 773 3000 nec
788 2955 820 3000 se
836 2936 875 3000 ad
890 2931 1034 3018 sacrilegi
1049 2931 1214 3000 sacerdotis
1231 2931 1323 2996 sacri·

315 3191 390 3248 ees.
408 3195 434 3258 a,
450 3191 476 3246 4.
545 3193 578 3246 ιτ
595 3193 676 3246 uum.
695 3191 737 3258 rc,
754 3191 797 3246 ae.

267 3415 346 3491 lqni]
358 3417 441 3484 siqui
455 3415 487 3486 Q,
500 3415 524 3468 si
536 3417 624 3486 quiae
759 3417 877 3470 Seioua.
890 3415 944 3468 LP
1071 3413 1175 3480 oportet
1187 3403 1325 3474 coranos

224 3503 318 3570 oportet
330 3502 380 3558 GR
502 3503 637 3558 sacerdote
653 3501 689 3558 0¹
814 3501 930 3570 ldelegi
946 3497 1070 3570 Qffliligi
1084 3497 1130 3568 M)
1250 3495 1325 3564 quos]

225 3585 323 3654 quoto
409 3589 497 3642 desse
507 3605 524 3642 a
535 3605 570 3642 ea
580 3604 641 3642 caca
657 3587 681 3642 0
764 3587 923 3656 contagione
939 3585 988 3642 GR
1078 3585 1244 3652 dpeccatorn
1260 3581 1294 3652 Οἳ

225 3675 377 3727 conmunicet
392 3675 427 3730 0²
535 3678 564 3730 et
574 3691 624 3730 oua
642 3673 693 3730 OB
805 3673 931 3726 lillicito
946 3673 982 3726 0²
1086 3669 1240 3740 praepositi]
1251 3683 1327 3736 prae-

224 3759 306 3826 pontis
321 3759 343 3814 0
462 3761 617 3830 episcopatu
632 3759 668 3816 0²
796 3759 980 3814 commodando
996 3759 1030 3814 0²
1155 3759 1172 3810 8
1185 3771 1228 3808 osc
1243 3753 1294 3824 ΟΒ

225 3831 383 3900 admonetur
398 3845 458 3916 0¹9
594 3831 1050 3910 110mnesn0mineseaoi'1ncmo
1064 3843 1087 3900 G
1222 3841 1328 3912 quique]

228 3931 294 3997 qne
407 3933 442 3986 12
453 3933 599 3986 sacerdotes
611 3933 692 4002 LPQ
810 3933 842 3986 13
854 3931 933 3986 chore
948 3931 987 3986 Oc
1104 3931 1136 3984 14
1147 3929 1229 3984 datan
1245 3927 1295 3998 Qu
1327 3949 1328 3952 ¹

226 4015 310 4068 ebiran
324 4015 347 4070 O
497 4019 530 4074 15
542 4035 631 4074 mosen
642 4019 680 4077 R,
691 4035 808 4087 moysem
819 4035 835 4074 c
982 4015 1116 4086 praecepit
1132 4017 1233 4086 cPQR
1245 4021 1327 4086 (prae-

227 4101 286 4170 cipit
296 4101 339 4168 M)
462 4105 497 4158 16
509 4107 676 4174 separaretur
691 4105 770 4176 OQB
894 4103 1055 4158 facinorosus
1070 4101 1100 4174 Q,
1114 4103 1266 4158 facinorosis
1279 4119 1295 4158 o

229 4185 257 4240 lu
267 4189 464 4259 perstringatur]
476 4191 620 4245 moriretur
634 4191 664 4256 O,
676 4193 823 4258 moreretur
835 4191 863 4246 R
941 4191 976 4244 18
988 4207 1003 4244 a
1014 4191 1184 4244 tabernaculo
1195 4207 1230 4244 ecc
1240 4191 1328 4246 taber·

228 4271 340 4326 naculum
355 4273 377 4327 0
475 4275 592 4330 hominis
607 4277 649 4340 0¹,
660 4276 756 4330 horum
768 4277 906 4330 hominum
919 4293 935 4330 o
1035 4277 1204 4346 iniustorum]
1217 4277 1336 4334 istorum.

230 4355 272 4410 GR
350 4359 383 4413 19
396 4361 431 4416 ab
441 4377 464 4416 o.
478 4377 504 4430 q.
516 4379 537 4416 s.
551 4363 599 4432 eis]
612 4379 642 4416 ee
653 4379 722 4432 quae
735 4363 769 4416 ad
782 4379 824 4418 eos
837 4363 975 4434 pertinent
987 4377 1003 4416 o
1090 4365 1124 4418 21
1135 4365 1269 4434 praecepit
1281 4367 1316 4422 M
1318 4371 1327 4398 ¹

227 4444 371 4586 (Ρηθῡθρῖὲ
380 4446 464 4518 Μ’ρ)
571 4431 635 4503 domm
652 4449 701 4506 GR
804 4467 910 4506 aomo
1015 4449 1328 4522 fflnecselnecsesecx

227 4541 329 4582 necesse

315 4635 364 4684 111.
1082 4627 1123 4692 47
