3084 5442
507 1527 928 1642 EPISTVLA
975 1521 1010 1636 Ι.

141 1732 144 1759 Ι
234 1769 406 1830 amundus
426 1771 662 1824 Ponserrssrs
684 1771 728 1824 ET
750 1767 966 1824 DIAOONIBVS
991 1767 1034 1820 ΕΤ
1057 1765 1160 1820 PLEBI
1186 1759 1317 1818 avonis

592 1855 890 1912 CONSISTENTIBVS
908 1855 932 1908 S.

288 2037 423 2130 Grauiter
438 2067 568 2130 oonmoti
583 2085 689 2130 sumus
705 2085 761 2148 ego
784 2067 815 2130 et
837 2065 970 2148 collegae
992 2065 1053 2130 mei
1078 2067 1130 2148 qui
1144 2061 1316 2148 praesentes
1329 2063 1342 2126 l

219 2169 341 2234 adolerent
364 2171 394 2234 et
420 2169 640 2252 compresbyteri
665 2169 762 2233 nostri
786 2169 838 2250 qui
865 2169 952 2236 nobis
981 2169 1174 2256 adsidebat-nt,
1206 2169 1319 2234 fratres

234 2273 371 2350 carissimi,
387 2293 453 2338 cum
464 2273 710 2358 cognouissemus
726 2273 806 2356 quod
820 2273 979 2340 Geminius
993 2275 1098 2340 Viotor
1114 2277 1206 2340 frater
1216 2273 1319 2340 noster

234 2379 264 2442 de
280 2377 387 2442 saeoulo
406 2379 546 2442 excedens
561 2377 739 2442 Geminium
753 2379 936 2444 Faustinum
958 2379 1170 2464 presbyterum
1186 2379 1319 2444 tutorem

141 2496 144 2523 ¹
234 2481 392 2547 belomonte
411 2499 463 2544 suo
477 2481 695 2560 nominasent,
719 2483 868 2546 numiam
883 2485 1001 2566 pridem
1016 2485 1047 2548 in
1064 2485 1190 2550 eonoilio
1206 2483 1320 2566 episeo-

141 2645 144 2667 ἲ
234 2572 325 2670 porum
342 2586 488 2651 statutum
506 2587 546 2650 sit
565 2606 602 2651 ne
624 2585 692 2668 quis
714 2587 751 2650 de
771 2589 888 2652 oleriois
904 2589 935 2652 et
947 2589 1004 2652 Dei
1020 2587 1169 2652 ministris
1185 2589 1319 2652 tutorem

210 2691 445 2756 noel-curatorem
458 2691 640 2754 testamento
660 2709 715 2754 suo
730 2691 914 2770 constituat,
940 2693 1057 2774 quando
1080 2691 1193 2776 singuli
1216 2691 1321 2756 diuino

235 2796 380 2858 sacerdotio
398 2793 533 2859 honorati
552 2797 584 2860 et
603 2795 635 2858 in
661 2793 772 2860 elerico
799 2795 971 2860 ministerio
994 2795 1153 2860 constituti
1180 2793 1322 2860 nonnisi

236 2897 313 2963 altari
326 2900 354 2962 et
367 2899 518 2964 sacrifieiis
532 2899 684 2964 desereire
700 2899 731 2962 et
744 2899 887 2982 precibus
902 2901 1000 2980 adque
1012 2899 1199 2964 orationibus
1214 2915 1322 2964 uaeare

236 3003 356 3066 oeream.
377 2987 521 3084 saeptum
536 3003 695 3068 assensn:
717 3021 823 3066 namo
839 3003 1014 3068 maritans
1030 3003 1104 3066 neo
1121 3003 1323 3086 obligasse

236 3107 407 3173 molestiis
426 3106 713 3185 saecularibus,
743 3109 785 3170 ut
811 3107 938 3188 possit
964 3107 1114 3186 plaeere
1140 3105 1172 3170 ei
1200 3105 1262 3170 eui
1285 3123 1324 3170 se

212 3213 406 3293 uprobauit.
429 3213 507 3294 quod
522 3231 590 3276 oum
606 3211 643 3276 de
657 3211 800 3276 omnibus
818 3211 935 3274 dietum
948 3209 998 3288 sit,
1015 3209 1241 3292 quantomagis
1257 3227 1325 3274 mo-

236 3317 319 3382 lestis
340 3319 368 3382 et
391 3317 504 3400 laqueis
525 3317 731 3382 saecularibus
753 3315 887 3400 obligari
913 3333 973 3380 non
999 3315 1109 3378 debent
1136 3315 1187 3396 qui
1210 3313 1324 3378 diuinis

141 3406 143 3411 ¹
237 3421 542 3504 rebosetspiritelibus
564 3419 704 3504 occupati
727 3420 766 3485 ab
787 3419 915 3484 ecelesia
936 3417 1074 3482 resedere
1088 3417 1119 3480 et
1134 3417 1172 3480 ad
1188 3417 1323 3482 terrenos

237 3526 263 3588 et
274 3527 425 3592 saeculares
440 3526 524 3590 aetus
534 3545 643 3590 uacare
657 3545 717 3590 non
729 3523 866 3606 possunt.
891 3523 977 3588 ouius
994 3519 1191 3588 ordinationis
1207 3523 1237 3588 et
1252 3521 1324 3588 reli-

321 3713 560 3778 taurinae.

265 3887 339 3956 Epist.
355 3888 419 3942 1.-
431 3887 527 3954 Incipit
544 3887 578 3942 ed
595 3887 694 3942 olerum
712 3890 739 3940 et
756 3887 860 3956 plebem
880 3885 923 3954 (ed
943 3887 1040 3940 elerum
1060 3889 1085 3940 et
1102 3887 1204 3956 plebem
1221 3905 1268 3944 one.
1288 3887 1325 3954 F,

238 3971 408 4026 furnitanorum
433 3974 495 4026 add.
519 3975 550 4042 0)
577 3975 608 4028 de
625 3975 731 4027 Victore
758 3975 803 4044 qui
821 3975 980 4026 Faustinum
1006 3973 1184 4044 presbyterum
1211 3977 1327 4032 tutorem

238 4061 365 4114 nominarit
389 4059 578 4130 GFLNPQV.
602 4091 635 4102 ·-
658 4063 675 4116 2
702 4061 818 4116 diaconis
849 4063 881 4116 ΟΙ
930 4083 939 4098 ·
966 4061 983 4116 b
1012 4065 1038 4116 et
1066 4055 1209 4132 presbyteri
1233 4065 1259 4118 L

239 4147 356 4200 nobiseum
377 4149 422 4204 ΟΡ
471 4149 563 4202 boum
581 4150 792 4218 cognouissemus
817 4149 884 4218 quod
901 4167 951 4204 orn.
971 4149 1009 4204 Β
1066 4151 1079 4204 7
1099 4149 1235 4220 geminum
1258 4151 1279 4206 G

240 4233 326 4302 doum]
343 4251 398 4288 eum
415 4236 446 4290 N
492 4236 627 4290 §teleriois
645 4238 682 4306 et]
701 4238 841 4290 aecclesiae
865 4239 886 4292 Ο
937 4237 987 4308 dei]
1007 4239 1037 4292 de
1059 4237 1084 4292 V
1133 4239 1164 4290 11
1185 4241 1211 4292 et
1228 4239 1265 4308 in]
1285 4253 1330 4292 ex·

235 4311 343 4375 xt'rnetiG
387 4323 532 4376 elericorum
549 4324 748 4376 ministeriosae
768 4325 860 4378 elerico
878 4327 1034 4380 monasterio
1054 4327 1080 4380 L
1096 4343 1130 4380 m.
1143 4329 1170 4394 2,
1189 4325 1276 4382 elerici
1295 4325 1328 4380 ab

240 4407 366 4460 ministerio
388 4407 410 4462 0
456 4409 487 4462 12
500 4410 578 4462 alteri
591 4411 617 4463 L
668 4411 704 4464 13
715 4409 764 4464 deo
781 4427 855 4464 nemo
880 4413 902 4464 G
912 4413 1043 4466 sednerne
1058 4429 1114 4482 emp.
1128 4415 1196 4466 russ2
1242 4411 1274 4466 14
1288 4413 1330 4464 oui

243 4491 289 4558 OF,
305 4493 347 4560 qui
357 4493 462 4562 LNPQ
513 4497 544 4548 15
561 4497 734 4566 probabitL¹
793 4499 824 4552 17
840 4501 962 4554 eeclesiae
979 4499 1011 4554 0¹
1069 4501 1109 4570 ed]
1129 4501 1197 4556 inO
1241 4499 1273 4554 18
1286 4515 1330 4554 ou·

241 4577 284 4650 ius]
300 4581 350 4634 eins
370 4581 392 4638 0

327 4689 374 4735 nr.
1085 4677 1127 4742 30
